time,pair,type,price,amount,total,coin,quote,date,market_close,label_pump,n_exchanges,premium_pct
2025-10-10 23:20:38,XRP/USD,BUY,2.66,37.4250996,99.55076493,XRP,USD,2025-10-10,2.36957,0.0,4.0,12.256654160881508
2025-10-04 09:13:28,XRP/USD,BUY,3.0389157,0.225,0.68375603,XRP,USD,2025-10-04,2.9679349999999998,0.0,4.0,2.3915853952327204
2025-10-04 09:13:28,XRP/USD,BUY,3.03910608,0.225,0.68379886,XRP,USD,2025-10-04,2.9679349999999998,0.0,4.0,2.3979999561984933
2025-09-12 12:38:19,XRP/USD,SELL,3.14947,32.17138189,101.32280212,XRP,USD,2025-09-12,3.1052400000000002,0.0,4.0,1.4243665545980333
2025-04-07 05:08:21,XRP/USD,BUY,2.08,53.75518621,111.81078731,XRP,USD,2025-04-07,1.89894,0.0,4.0,9.53479309509515
2024-11-22 12:26:07,XRP/USD,SELL,1.44,77.95758796,112.25892666,XRP,USD,2024-11-22,1.4727700000000001,0.0,4.0,-2.225058902612098
2022-05-11 14:49:16,WAVES/USD,BUY,9.2,8.36636943,76.97059875,WAVES,USD,2022-05-11,7.965450000000001,0.0,2.0,15.498810487794135
2022-05-11 14:49:01,WAVES/USD,BUY,9.2,0.01170721,0.10770633,WAVES,USD,2022-05-11,7.965450000000001,0.0,2.0,15.498810487794135
2022-05-11 14:48:59,WAVES/USD,BUY,9.2,3.27858115,30.16294658,WAVES,USD,2022-05-11,7.965450000000001,0.0,2.0,15.498810487794135
2022-05-11 14:48:56,WAVES/USD,BUY,9.2,0.0174853,0.16086476,WAVES,USD,2022-05-11,7.965450000000001,0.0,2.0,15.498810487794135
2022-04-25 07:57:55,WAVES/USD,BUY,17.44,0.2941579,5.13011377,WAVES,USD,2022-04-25,16.9384,0.0,2.0,2.9613186605582653
2022-04-25 07:38:57,WAVES/USD,BUY,17.44,0.7058421,12.30988622,WAVES,USD,2022-04-25,16.9384,0.0,2.0,2.9613186605582653
2022-04-25 04:35:31,WAVES/USD,BUY,17.66,1.0,17.66,WAVES,USD,2022-04-25,16.9384,0.0,2.0,4.260142634487307
2022-04-25 03:06:43,WAVES/USD,BUY,18.22,0.00118317,0.02155735,WAVES,USD,2022-04-25,16.9384,0.0,2.0,7.566240022670367
2022-04-25 02:53:22,WAVES/USD,BUY,18.22,0.56321228,10.26172774,WAVES,USD,2022-04-25,16.9384,0.0,2.0,7.566240022670367
2022-04-24 21:47:53,WAVES/USD,BUY,18.22,0.43560455,7.9367149,WAVES,USD,2022-04-24,17.4473,0.0,2.0,4.428765482338237
2022-04-24 18:32:08,WAVES/USD,BUY,18.66,0.90384568,16.86576038,WAVES,USD,2022-04-24,17.4473,0.0,2.0,6.9506456586406085
2022-04-24 18:19:09,WAVES/USD,BUY,18.66,0.09615432,1.79423961,WAVES,USD,2022-04-24,17.4473,0.0,2.0,6.9506456586406085
2022-04-20 20:11:29,WAVES/USD,SELL,22.42,1.0,22.42,WAVES,USD,2022-04-20,20.29765,0.0,2.0,10.456136547826977
2022-04-20 20:11:29,WAVES/USD,SELL,22.32,1.0,22.32,WAVES,USD,2022-04-20,20.29765,0.0,2.0,9.963468677408471
2022-04-20 08:44:44,WAVES/USD,SELL,22.22,1.0,22.22,WAVES,USD,2022-04-20,20.29765,0.0,2.0,9.470800806989965
2022-04-20 08:44:44,WAVES/USD,SELL,22.12,0.95507438,21.12624528,WAVES,USD,2022-04-20,20.29765,0.0,2.0,8.97813293657148
2022-04-20 07:43:50,WAVES/USD,SELL,22.12,0.04492562,0.99375471,WAVES,USD,2022-04-20,20.29765,0.0,2.0,8.97813293657148
2022-04-20 07:34:11,WAVES/USD,SELL,22.08,2.12052004,46.82108248,WAVES,USD,2022-04-20,20.29765,0.0,2.0,8.781065788404074
2022-04-20 07:34:11,WAVES/USD,SELL,22.1,2.0,44.2,WAVES,USD,2022-04-20,20.29765,0.0,2.0,8.879599362487788
2022-04-18 07:32:30,WAVES/USD,BUY,20.11,0.93741354,18.85138628,WAVES,USD,2022-04-18,20.46995,0.0,2.0,-1.7584312614344455
2022-04-18 06:59:27,WAVES/USD,BUY,20.11,11.1831065,224.89227171,WAVES,USD,2022-04-18,20.46995,0.0,2.0,-1.7584312614344455
2022-04-16 02:05:12,WAVES/USD,SELL,23.244,0.53014631,12.32272082,WAVES,USD,2022-04-16,21.481,0.0,2.0,8.207252921186159
2022-04-16 02:04:47,WAVES/USD,SELL,23.244,0.18447055,4.28783346,WAVES,USD,2022-04-16,21.481,0.0,2.0,8.207252921186159
2022-04-15 21:21:24,WAVES/USD,SELL,23.17337336,0.37780304,8.7549709,WAVES,USD,2022-04-15,22.1687,0.0,2.0,4.531945310279806
2022-04-15 21:21:20,WAVES/USD,SELL,23.17337336,0.16067739,3.72343714,WAVES,USD,2022-04-15,22.1687,0.0,2.0,4.531945310279806
2022-04-15 21:21:12,WAVES/USD,SELL,23.17337336,0.37780304,8.7549709,WAVES,USD,2022-04-15,22.1687,0.0,2.0,4.531945310279806
2022-04-15 21:21:12,WAVES/USD,SELL,23.17337336,0.36909967,8.55328445,WAVES,USD,2022-04-15,22.1687,0.0,2.0,4.531945310279806
2022-04-14 15:19:26,WAVES/USD,SELL,23.8,1.03017877,24.51825472,WAVES,USD,2022-04-14,21.230150000000002,0.0,2.0,12.10471899633303
2022-04-14 13:46:47,WAVES/USD,SELL,23.979,0.02923363,0.70099321,WAVES,USD,2022-04-14,21.230150000000002,0.0,2.0,12.947859529960915
2022-04-14 13:46:47,WAVES/USD,SELL,23.979,0.13033275,3.12524901,WAVES,USD,2022-04-14,21.230150000000002,0.0,2.0,12.947859529960915
2022-04-14 13:46:47,WAVES/USD,SELL,23.979,0.10057136,2.41160064,WAVES,USD,2022-04-14,21.230150000000002,0.0,2.0,12.947859529960915
2022-04-14 13:46:47,WAVES/USD,SELL,23.979,0.10187764,2.44292392,WAVES,USD,2022-04-14,21.230150000000002,0.0,2.0,12.947859529960915
2022-04-14 13:46:46,WAVES/USD,SELL,23.979,0.13137403,3.15021786,WAVES,USD,2022-04-14,21.230150000000002,0.0,2.0,12.947859529960915
2022-04-14 13:46:46,WAVES/USD,SELL,23.979,0.13137402,3.15021762,WAVES,USD,2022-04-14,21.230150000000002,0.0,2.0,12.947859529960915
2022-04-14 13:46:45,WAVES/USD,SELL,23.979,0.23406804,5.61271753,WAVES,USD,2022-04-14,21.230150000000002,0.0,2.0,12.947859529960915
2022-04-14 13:46:09,WAVES/USD,SELL,23.979,0.03083061,0.73928719,WAVES,USD,2022-04-14,21.230150000000002,0.0,2.0,12.947859529960915
2022-04-14 13:46:03,WAVES/USD,SELL,23.979,0.08015915,1.92213625,WAVES,USD,2022-04-14,21.230150000000002,0.0,2.0,12.947859529960915
2022-04-14 13:45:04,WAVES/USD,SELL,23.68,1.96974444,46.64354833,WAVES,USD,2022-04-14,21.230150000000002,0.0,2.0,11.539485119040593
2022-04-14 13:44:22,WAVES/USD,SELL,23.68,0.0052306,0.1238606,WAVES,USD,2022-04-14,21.230150000000002,0.0,2.0,11.539485119040593
2022-04-14 13:42:11,WAVES/USD,SELL,23.55,0.02502496,0.5893378,WAVES,USD,2022-04-14,21.230150000000002,0.0,2.0,10.927148418640463
2022-04-14 12:32:23,WAVES/USD,SELL,23.17408894,1.63673337,37.92980468,WAVES,USD,2022-04-14,21.230150000000002,0.0,2.0,9.15650120229956
2022-04-14 12:31:08,WAVES/USD,SELL,23.17408914,0.38326663,8.88185504,WAVES,USD,2022-04-14,21.230150000000002,0.0,2.0,9.156502144356015
2022-04-14 12:28:15,WAVES/USD,BUY,23.24999999,0.02,0.46499999,WAVES,USD,2022-04-14,21.230150000000002,0.0,2.0,9.514063678306538
2022-04-14 12:11:30,WAVES/USD,SELL,23.2821986,0.04796672,1.1167707,WAVES,USD,2022-04-14,21.230150000000002,0.0,2.0,9.665728221420956
2022-04-14 12:11:30,WAVES/USD,SELL,23.28219861,0.0644269,1.49999988,WAVES,USD,2022-04-14,21.230150000000002,0.0,2.0,9.665728268523765
2022-04-14 12:10:31,WAVES/USD,SELL,23.28219865,0.01396545,0.32514638,WAVES,USD,2022-04-14,21.230150000000002,0.0,2.0,9.665728456935074
2022-04-14 12:10:28,WAVES/USD,SELL,23.28219865,0.18913856,4.40356152,WAVES,USD,2022-04-14,21.230150000000002,0.0,2.0,9.665728456935074
2022-04-14 12:10:27,WAVES/USD,SELL,23.28219865,0.73263602,17.05737735,WAVES,USD,2022-04-14,21.230150000000002,0.0,2.0,9.665728456935074
2022-04-14 12:10:27,WAVES/USD,SELL,23.28219865,0.01467433,0.34165066,WAVES,USD,2022-04-14,21.230150000000002,0.0,2.0,9.665728456935074
2022-04-14 12:10:26,WAVES/USD,SELL,23.28219867,0.0644269,1.49999988,WAVES,USD,2022-04-14,21.230150000000002,0.0,2.0,9.665728551140695
2022-04-14 12:10:26,WAVES/USD,SELL,23.28219865,0.46051674,10.72184222,WAVES,USD,2022-04-14,21.230150000000002,0.0,2.0,9.665728456935074
2022-04-14 12:10:26,WAVES/USD,SELL,23.28219867,0.84224838,19.60939411,WAVES,USD,2022-04-14,21.230150000000002,0.0,2.0,9.665728551140695
2022-04-13 14:30:44,WAVES/USD,BUY,21.99,3.05997081,67.28875811,WAVES,USD,2022-04-13,21.6831,0.0,2.0,1.4153880210855396
2022-04-13 14:30:30,WAVES/USD,BUY,21.99,1.92114762,42.24603616,WAVES,USD,2022-04-13,21.6831,0.0,2.0,1.4153880210855396
2022-04-13 13:46:41,WAVES/USD,BUY,21.99,5.44888157,119.82090572,WAVES,USD,2022-04-13,21.6831,0.0,2.0,1.4153880210855396
2022-03-09 13:48:25,WAVES/USD,SELL,26.99999999,8.53879445,230.54745006,WAVES,USD,2022-03-09,28.4125,0.0,2.0,-4.971403466783997
2021-12-04 06:17:03,WAVES/USD,BUY,20.0001,0.39648722,7.92978404,WAVES,USD,2021-12-04,18.3467,0.0,2.0,9.011974905568865
2021-12-04 06:17:02,WAVES/USD,BUY,20.0001,1.52162165,30.43258516,WAVES,USD,2021-12-04,18.3467,0.0,2.0,9.011974905568865
2021-12-04 06:16:58,WAVES/USD,BUY,20.0001,0.57145967,11.42925054,WAVES,USD,2021-12-04,18.3467,0.0,2.0,9.011974905568865
2021-12-04 06:16:55,WAVES/USD,BUY,20.0001,0.84176062,16.83529657,WAVES,USD,2021-12-04,18.3467,0.0,2.0,9.011974905568865
2021-12-04 06:16:53,WAVES/USD,BUY,20.0001,0.77821673,15.56441242,WAVES,USD,2021-12-04,18.3467,0.0,2.0,9.011974905568865
2021-12-04 06:16:53,WAVES/USD,BUY,20.0001,3.03322105,60.66472432,WAVES,USD,2021-12-04,18.3467,0.0,2.0,9.011974905568865
2021-12-04 06:16:51,WAVES/USD,BUY,20.0001,0.53884223,10.77689848,WAVES,USD,2021-12-04,18.3467,0.0,2.0,9.011974905568865
2021-12-04 06:16:35,WAVES/USD,BUY,20.0001,0.85718528,17.14379131,WAVES,USD,2021-12-04,18.3467,0.0,2.0,9.011974905568865
2021-12-01 14:22:51,WAVES/USD,SELL,22.97,5.07040765,116.46726372,WAVES,USD,2021-12-01,22.5939,0.0,2.0,1.6646085890439366
2021-12-01 14:12:10,WAVES/USD,SELL,22.97,2.06694345,47.47769104,WAVES,USD,2021-12-01,22.5939,0.0,2.0,1.6646085890439366
2021-12-01 14:10:04,WAVES/USD,SELL,22.97,0.32722089,7.51626384,WAVES,USD,2021-12-01,22.5939,0.0,2.0,1.6646085890439366
2021-11-22 05:54:04,WAVES/USD,BUY,21.99,0.95937693,21.09669869,WAVES,USD,2021-11-22,20.891,0.0,2.0,5.260638552486707
2021-11-22 05:52:18,WAVES/USD,BUY,21.99,6.50519506,143.04923936,WAVES,USD,2021-11-22,20.891,0.0,2.0,5.260638552486707
2021-11-18 08:32:55,WAVES/USD,SELL,24.98999,6.59479407,164.80383786,WAVES,USD,2021-11-18,21.68315,0.0,2.0,15.250736170713196
2021-11-15 21:28:46,XRP/USD,BUY,1.225,77.95758796,95.49804525,XRP,USD,2021-11-15,1.17189,0.0,3.0,4.531995323793181
2021-11-13 18:01:31,WAVES/USD,SELL,24.6,2.62532271,64.58293866,WAVES,USD,2021-11-13,23.727899999999998,0.0,2.0,3.6754200751014876
2021-11-13 15:17:15,WAVES/USD,SELL,24.418,1.27988322,31.25218846,WAVES,USD,2021-11-13,23.727899999999998,0.0,2.0,2.9083905444645453
2021-11-12 16:37:48,WAVES/USD,BUY,23.88,5.5,131.34,WAVES,USD,2021-11-12,23.41685,0.0,2.0,1.97784928374225
2021-11-12 09:07:47,WAVES/USD,BUY,24.55,5.0,122.75,WAVES,USD,2021-11-12,23.41685,0.0,2.0,4.839036847398348
2021-11-10 10:52:12,WAVES/USD,SELL,27.299999,0.07536501,2.05746469,WAVES,USD,2021-11-10,23.9088,0.0,2.0,14.183894632938499
2021-11-09 01:28:29,LTC/USD,SELL,235.0,1.07700684,253.0966074,LTC,USD,2021-11-09,262.01,0.0,3.0,-10.30876684096027
2021-11-08 19:13:57,WAVES/USD,BUY,25.58,0.07536501,1.92783695,WAVES,USD,2021-11-08,25.5444,0.0,2.0,0.1393651837584775
2021-11-07 15:36:12,XRP/USD,SELL,1.231111,0.53950474,0.66419021,XRP,USD,2021-11-07,1.2192,0.0,3.0,0.976952099737538
2021-11-07 15:34:56,XRP/USD,SELL,1.231111,1.03270462,1.27137401,XRP,USD,2021-11-07,1.2192,0.0,3.0,0.976952099737538
2021-10-24 17:03:56,XRP/USD,BUY,1.10933,1.57220936,1.744099,XRP,USD,2021-10-24,1.082129,0.0,3.0,2.5136559504458367
2021-10-21 03:15:05,ETH/USD,SELL,4200.0,0.00041686,1.750812,ETH,USD,2021-10-21,4054.13,0.0,3.0,3.5980592630231456
2021-05-19 17:17:40,LTC/USD,BUY,221.95,0.64837142,143.90603666,LTC,USD,2021-05-19,186.06,0.0,3.0,19.28947651295281
2021-05-19 17:17:35,LTC/USD,BUY,221.95,0.23229542,51.55796846,LTC,USD,2021-05-19,186.06,0.0,3.0,19.28947651295281
2021-05-19 17:17:28,LTC/USD,BUY,221.95,0.13089334,29.05177681,LTC,USD,2021-05-19,186.06,0.0,3.0,19.28947651295281
2021-05-19 17:17:28,LTC/USD,BUY,221.95,0.06544666,14.52588618,LTC,USD,2021-05-19,186.06,0.0,3.0,19.28947651295281
2021-05-18 10:58:47,XRP/USD,SELL,1.6,150.0,240.0,XRP,USD,2021-05-18,1.589,0.0,3.0,0.6922592825676643
2021-05-16 21:21:14,ETH/USD,BUY,3510.0,0.00041686,1.4631786,ETH,USD,2021-05-16,3582.07,0.0,3.0,-2.0119651486431023
2021-05-04 02:34:57,XRP/USD,BUY,1.52,61.0,92.72,XRP,USD,2021-05-04,1.38744,0.0,3.0,9.554287032232022
2021-05-04 00:45:39,XRP/USD,BUY,1.56030001,55.68945,86.89224939,XRP,USD,2021-05-04,1.38744,0.0,3.0,12.458917863114793
2021-05-04 00:45:02,XRP/USD,BUY,1.56030001,27.35828068,42.68712561,XRP,USD,2021-05-04,1.38744,0.0,3.0,12.458917863114793
2021-05-03 23:50:38,XRP/USD,BUY,1.56030001,3.42543384,5.34470445,XRP,USD,2021-05-03,1.55454,0.0,3.0,0.37052825916348286
2021-05-03 23:50:10,XRP/USD,BUY,1.56030001,2.52683548,3.94262142,XRP,USD,2021-05-03,1.55454,0.0,3.0,0.37052825916348286
2021-04-29 06:46:57,BTG/USD,SELL,10.96557366,10.0,109.6557366,BTG,USD,2021-04-29,,0.0,,
2021-04-28 17:20:44,BTG/USD,BUY,9.55,10.0,95.5,BTG,USD,2021-04-28,,0.0,,
2021-04-27 07:52:44,XRP/USD,SELL,1.4958,135.92026956,203.3095392,XRP,USD,2021-04-27,1.40225,0.0,3.0,6.671420930647165
2021-04-26 05:50:06,SPACE/USD,SELL,0.009,1868.03589598,16.81232306,SPACE,USD,2021-04-26,,0.0,,
2021-04-24 07:26:42,SPACE/USD,SELL,0.00795,11.21284344,0.0891421,SPACE,USD,2021-04-24,,0.0,,
2021-04-23 14:36:46,XRP/USD,BUY,1.15533008,0.92026956,1.0632151,XRP,USD,2021-04-23,1.17043,0.0,3.0,-1.29011730731442
2021-04-22 21:15:12,XRP/USD,BUY,1.35000001,135.0,182.25000135,XRP,USD,2021-04-22,1.1559,0.0,3.0,16.792110909248215
2021-04-22 11:53:19,LTC/USD,SELL,289.5,0.635,183.8325,LTC,USD,2021-04-22,252.921,0.0,3.0,14.462618762380352
2021-04-18 23:38:39,LTC/USD,BUY,283.12001,0.635,179.78120635,LTC,USD,2021-04-18,273.39,0.0,3.0,3.5590219100918086
2021-04-18 08:31:20,DOGE/USD,SELL,0.293,616.0,180.488,DOGE,USD,2021-04-18,0.32252020000000003,0.0,2.0,-9.152977084846171
2021-04-18 06:43:11,DOGE/USD,BUY,0.27500001,0.00053044,0.00014587,DOGE,USD,2021-04-18,0.32252020000000003,0.0,2.0,-14.734019760622752
2021-04-18 06:43:08,DOGE/USD,BUY,0.27500001,615.99946956,169.39986028,DOGE,USD,2021-04-18,0.32252020000000003,0.0,2.0,-14.734019760622752
2021-04-17 19:11:00,DOGE/USD,SELL,0.27176,139.55862205,37.92645112,DOGE,USD,2021-04-17,0.2819989,0.0,2.0,-3.630829765648025
2021-04-17 19:10:56,DOGE/USD,SELL,0.27176,223.70245679,60.79337965,DOGE,USD,2021-04-17,0.2819989,0.0,2.0,-3.630829765648025
2021-04-17 19:10:42,DOGE/USD,SELL,0.27176,0.96844425,0.2631844,DOGE,USD,2021-04-17,0.2819989,0.0,2.0,-3.630829765648025
2021-04-17 19:10:34,DOGE/USD,SELL,0.27176,261.77047691,71.1387448,DOGE,USD,2021-04-17,0.2819989,0.0,2.0,-3.630829765648025
2021-04-17 19:03:46,DOGE/USD,BUY,0.262,626.0,164.012,DOGE,USD,2021-04-17,0.2819989,0.0,2.0,-7.091836173829047
2021-04-17 18:23:27,DOGE/USD,SELL,0.28500202,578.0,164.73116756,DOGE,USD,2021-04-17,0.2819989,0.0,2.0,1.0649403242353195
2021-04-17 13:20:31,DOGE/USD,BUY,0.28000001,376.33137194,105.3727879,DOGE,USD,2021-04-17,0.2819989,0.0,2.0,-0.7088290060705771
2021-04-17 13:20:27,DOGE/USD,BUY,0.28000001,94.07675374,26.34149198,DOGE,USD,2021-04-17,0.2819989,0.0,2.0,-0.7088290060705771
2021-04-17 13:20:25,DOGE/USD,BUY,0.28000001,59.59187432,16.6857254,DOGE,USD,2021-04-17,0.2819989,0.0,2.0,-0.7088290060705771
2021-04-17 13:20:14,DOGE/USD,BUY,0.28000001,48.0,13.44000048,DOGE,USD,2021-04-17,0.2819989,0.0,2.0,-0.7088290060705771
2021-04-17 07:09:42,DOGE/USD,SELL,0.292,25.18482832,7.35396986,DOGE,USD,2021-04-17,0.2819989,0.0,2.0,3.546503195579831
2021-04-17 07:09:36,DOGE/USD,SELL,0.292,77.73896774,22.69977858,DOGE,USD,2021-04-17,0.2819989,0.0,2.0,3.546503195579831
2021-04-17 07:01:13,DOGE/USD,BUY,0.2789998,102.92379606,28.71571851,DOGE,USD,2021-04-17,0.2819989,0.0,2.0,-1.0635147867598005
2021-04-16 18:36:07,DOGE/USD,SELL,0.34199999,471.0,161.08199529,DOGE,USD,2021-04-16,0.36523775,0.0,2.0,-6.36236533600375
2021-04-16 18:24:27,DOGE/USD,BUY,0.33810001,471.0,159.24510471,DOGE,USD,2021-04-16,0.36523775,0.0,2.0,-7.430157479614308
2021-04-16 18:13:18,XRP/USD,SELL,1.66999999,56.0,93.51999944,XRP,USD,2021-04-16,1.54751,0.0,3.0,7.915295539285694
2021-04-16 18:11:28,XRP/USD,SELL,1.66999999,20.0,33.3999998,XRP,USD,2021-04-16,1.54751,0.0,3.0,7.915295539285694
2021-04-16 15:34:09,DOGE/USD,SELL,0.328,15.88219343,5.20935944,DOGE,USD,2021-04-16,0.36523775,0.0,2.0,-10.195482257789623
2021-04-16 15:34:08,DOGE/USD,SELL,0.328,84.11780657,27.59064055,DOGE,USD,2021-04-16,0.36523775,0.0,2.0,-10.195482257789623
2021-04-16 15:29:03,DOGE/USD,BUY,0.32,100.0,32.0,DOGE,USD,2021-04-16,0.36523775,0.0,2.0,-12.385836349063052
2021-04-16 13:18:52,DOGE/USD,SELL,0.30799999,105.84402979,32.59996011,DOGE,USD,2021-04-16,0.36523775,0.0,2.0,-15.671370223915792
2021-04-16 13:10:41,DOGE/USD,BUY,0.299,63.13621323,18.87772775,DOGE,USD,2021-04-16,0.36523775,0.0,2.0,-18.13551583865579
2021-04-16 13:10:39,DOGE/USD,BUY,0.299,5.02569456,1.50268267,DOGE,USD,2021-04-16,0.36523775,0.0,2.0,-18.13551583865579
2021-04-16 13:10:31,DOGE/USD,BUY,0.299,37.68208942,11.26694473,DOGE,USD,2021-04-16,0.36523775,0.0,2.0,-18.13551583865579
2021-04-16 12:38:56,XRP/USD,BUY,1.6000001,70.0,112.000007,XRP,USD,2021-04-16,1.54751,0.0,3.0,3.391906998985461
2021-04-16 11:35:18,XRP/USD,BUY,1.64555001,6.0,9.87330006,XRP,USD,2021-04-16,1.54751,0.0,3.0,6.335339351603553
2021-04-16 07:04:18,FIN/USD,SELL,0.77,0.82288416,0.6336208,FIN,USD,2021-04-16,,0.0,,
2021-04-16 07:03:49,FIN/USD,SELL,0.77,0.18142632,0.13969826,FIN,USD,2021-04-16,,0.0,,
2021-04-16 07:03:48,FIN/USD,SELL,0.77,0.18142632,0.13969826,FIN,USD,2021-04-16,,0.0,,
2021-04-16 07:03:46,FIN/USD,SELL,0.77,0.18142632,0.13969826,FIN,USD,2021-04-16,,0.0,,
2021-04-16 07:03:45,FIN/USD,SELL,0.77,0.18142632,0.13969826,FIN,USD,2021-04-16,,0.0,,
2021-04-16 07:03:44,FIN/USD,SELL,0.77,0.18142632,0.13969826,FIN,USD,2021-04-16,,0.0,,
2021-04-15 19:11:46,FIN/USD,BUY,0.63,3.0,1.89,FIN,USD,2021-04-15,,0.0,,
2021-04-13 17:45:29,BTC/USD,SELL,63500.0,0.00061048,38.76548,BTC,USD,2021-04-13,63577.9,0.0,3.0,-0.12252685288441922
2021-04-06 20:05:02,LTCP/BTC,SELL,1e-08,61170.82400299,0.0006117,LTCP,BTC,2021-04-06,,0.0,,
2021-04-03 01:14:13,LTC/USD,SELL,210.91,0.31721892,66.90464241,LTC,USD,2021-04-03,195.24,0.0,3.0,8.026019258348693
2021-04-01 12:35:17,LTC/DOGE,BUY,3366.0,0.31721892,1067.75888472,LTC,DOGE,2021-04-01,202.68,0.0,3.0,1560.7460035523977
2021-03-29 10:09:02,LTC/DOGE,SELL,3621.999,0.29597979,1072.0385034,LTC,DOGE,2021-03-29,193.72,0.0,3.0,1769.708341936816
2021-03-27 13:29:41,LTC/DOGE,BUY,3371.8653,0.0001138,0.38371827,LTC,DOGE,2021-03-27,184.04,0.0,3.0,1732.1371984351226
2021-03-27 13:29:38,LTC/DOGE,BUY,3371.8653,0.05678336,191.4658412,LTC,DOGE,2021-03-27,184.04,0.0,3.0,1732.1371984351226
2021-03-27 13:27:39,LTC/DOGE,BUY,3371.8653,0.00533305,17.98232623,LTC,DOGE,2021-03-27,184.04,0.0,3.0,1732.1371984351226
2021-03-27 13:14:49,LTC/DOGE,BUY,3371.8653,0.10159197,342.5544384,LTC,DOGE,2021-03-27,184.04,0.0,3.0,1732.1371984351226
2021-03-27 12:54:49,LTC/DOGE,BUY,3371.8653,0.02625143,88.51628589,LTC,DOGE,2021-03-27,184.04,0.0,3.0,1732.1371984351226
2021-03-27 12:49:15,LTC/DOGE,BUY,3371.8653,0.03139828,105.87077081,LTC,DOGE,2021-03-27,184.04,0.0,3.0,1732.1371984351226
2021-03-27 12:29:05,LTC/DOGE,BUY,3371.8653,0.03671069,123.78350175,LTC,DOGE,2021-03-27,184.04,0.0,3.0,1732.1371984351226
2021-03-27 12:00:08,LTC/DOGE,BUY,3371.8653,0.03779721,127.44710083,LTC,DOGE,2021-03-27,184.04,0.0,3.0,1732.1371984351226
2021-03-24 10:21:47,WAVES/USD,SELL,12.9,2.1,27.09,WAVES,USD,2021-03-24,10.8505,0.0,2.0,18.888530482466237
2021-03-02 10:24:45,WAVES/USD,SELL,9.89999999,1.0,9.89999999,WAVES,USD,2021-03-02,9.423100000000002,0.0,2.0,5.060967091509139
2021-02-28 03:45:40,WAVES/USD,BUY,9.5,1.0,9.5,WAVES,USD,2021-02-28,8.88365,0.0,2.0,6.9380265994270385
2021-02-25 17:00:10,LTC/USD,SELL,203.9999999,0.07137022,14.55952487,LTC,USD,2021-02-25,179.45,0.0,3.0,13.68069094455282
2021-02-25 16:51:58,WAVES/USD,SELL,10.67,0.56625844,6.04197755,WAVES,USD,2021-02-25,9.587250000000001,0.0,2.0,11.293645205872371
2021-02-24 08:14:07,LTC/USD,BUY,183.795,0.03472627,6.38251479,LTC,USD,2021-02-24,181.455,0.0,3.0,1.289575927916009
2021-02-24 08:14:05,LTC/USD,BUY,183.795,0.03664395,6.73497479,LTC,USD,2021-02-24,181.455,0.0,3.0,1.289575927916009
2021-02-24 07:59:01,WAVES/USD,BUY,9.92941,0.04424055,0.43928255,WAVES,USD,2021-02-24,9.815100000000001,0.0,2.0,1.1646340842171643
2021-02-23 06:42:13,DOGE/USD,SELL,0.05555555,245.0,13.61110975,DOGE,USD,2021-02-23,0.0476895,0.0,2.0,16.494301680663458
2021-02-22 18:41:46,WAVES/USD,BUY,10.3600002,0.52201789,5.40810544,WAVES,USD,2021-02-22,10.61435,0.0,2.0,-2.396282391291038
2021-02-22 15:21:32,DOGE/USD,BUY,0.049,245.0,12.005,DOGE,USD,2021-02-22,0.0535805,0.0,2.0,-8.548819066638046
2021-02-20 23:39:37,WAVES/USD,BUY,12.5,2.1,26.25,WAVES,USD,2021-02-20,12.2446,0.0,2.0,2.0858174215572456
2021-02-19 19:35:44,WAVES/USD,SELL,12.78,0.8,10.224,WAVES,USD,2021-02-19,12.55715,0.0,2.0,1.7746861349908105
2021-02-18 18:34:55,DOGE/USD,SELL,0.05599999,545.0,30.51999455,DOGE,USD,2021-02-18,0.0589534,0.0,2.0,-5.009736503747031
2021-02-16 18:39:23,WAVES/USD,BUY,10.61000001,0.43239207,4.58767986,WAVES,USD,2021-02-16,11.09535,0.0,2.0,-4.374354932471702
2021-02-16 18:38:50,WAVES/USD,BUY,10.61000001,0.08205224,0.87057426,WAVES,USD,2021-02-16,11.09535,0.0,2.0,-4.374354932471702
2021-02-16 18:38:41,WAVES/USD,BUY,10.61000001,0.28555569,3.02974587,WAVES,USD,2021-02-16,11.09535,0.0,2.0,-4.374354932471702
2021-02-16 17:33:26,DOGE/USD,BUY,0.055,545.0,29.975,DOGE,USD,2021-02-16,0.053542900000000004,0.0,2.0,2.7213692198218453
2021-02-13 09:19:40,MTN/USD,SELL,0.00279999,99.9,0.279719,MTN,USD,2021-02-13,,0.0,,
2021-02-11 19:51:13,DOGE/USD,BUY,0.069,1000.0,69.0,DOGE,USD,2021-02-11,0.06971005,0.0,2.0,-1.0185762311173074
2021-02-10 07:23:49,DOGE/USD,SELL,0.07399999,131.45624883,9.72776109,DOGE,USD,2021-02-10,0.07257675,0.0,2.0,1.9610136855122473
2021-02-09 18:04:07,DOGE/USD,BUY,0.07,131.45624883,9.20193741,DOGE,USD,2021-02-09,0.07012969999999999,0.0,2.0,-0.18494304125068473
2021-02-09 16:35:41,WPR/USD,SELL,0.01403544,18.46205588,0.25912307,WPR,USD,2021-02-09,,0.0,,
2021-02-09 16:35:39,WPR/USD,SELL,0.01403544,31.53794412,0.44264892,WPR,USD,2021-02-09,,0.0,,
2021-02-09 16:35:12,WPR/USD,BUY,0.01400036,50.0,0.700018,WPR,USD,2021-02-09,,0.0,,
2021-02-03 16:23:48,MTN/USD,SELL,0.00279999,0.1,0.00027999,MTN,USD,2021-02-03,,0.0,,
2021-02-02 20:48:50,DOGE/USD,SELL,0.03084418,500.00005701,15.42209175,DOGE,USD,2021-02-02,0.03129945,0.0,2.0,-1.4545623006155028
2021-02-02 01:27:42,DOGE/USD,BUY,0.034,488.63327741,16.61353143,DOGE,USD,2021-02-02,0.03129945,0.0,2.0,8.628106883667286
2021-02-01 23:53:21,DOGE/USD,BUY,0.034,11.36672259,0.38646856,DOGE,USD,2021-02-01,0.0348808,0.0,2.0,-2.5251714410220005
2021-02-01 13:29:52,MTN/USD,BUY,0.00410575,100.0,0.410575,MTN,USD,2021-02-01,,0.0,,
2021-02-01 13:22:00,MTN/USD,SELL,0.00439999,150.0,0.6599985,MTN,USD,2021-02-01,,0.0,,
2021-02-01 13:17:52,MTN/USD,BUY,0.003541,150.0,0.53115,MTN,USD,2021-02-01,,0.0,,
2021-02-01 09:48:10,MTN/USD,SELL,0.00888888,182.71992351,1.62417547,MTN,USD,2021-02-01,,0.0,,
2021-02-01 09:47:59,MTN/USD,SELL,0.00888888,1.10355236,0.00980934,MTN,USD,2021-02-01,,0.0,,
2021-02-01 09:47:58,MTN/USD,SELL,0.00888888,1.10355236,0.00980934,MTN,USD,2021-02-01,,0.0,,
2021-02-01 09:47:57,MTN/USD,SELL,0.00888888,1.10355236,0.00980934,MTN,USD,2021-02-01,,0.0,,
2021-02-01 09:41:54,MTN/USD,SELL,0.012999,1.30687941,0.01698812,MTN,USD,2021-02-01,,0.0,,
2021-02-01 09:41:51,MTN/USD,SELL,0.012999,1.30687941,0.01698812,MTN,USD,2021-02-01,,0.0,,
2021-02-01 09:41:50,MTN/USD,SELL,0.012999,1.30687941,0.01698812,MTN,USD,2021-02-01,,0.0,,
2021-02-01 09:40:19,MTN/USD,BUY,0.00500001,199.9996,0.99999999,MTN,USD,2021-02-01,,0.0,,
2021-01-31 10:39:42,WAVES/USD,SELL,6.99999999,3.44765994,24.13361954,WAVES,USD,2021-01-31,6.54535,0.0,2.0,6.946152459379551
2021-01-29 12:45:48,LTC/USD,SELL,144.7777,0.60227351,87.19577354,LTC,USD,2021-01-29,134.746,0.0,3.0,7.444896323453021
2021-01-28 15:57:00,LTC/DOGE,BUY,8700.0,0.02049415,178.299105,LTC,DOGE,2021-01-28,133.22,0.0,3.0,6430.550968323076
2021-01-28 15:56:56,LTC/DOGE,BUY,8700.0,0.28277236,2460.119532,LTC,DOGE,2021-01-28,133.22,0.0,3.0,6430.550968323076
2021-01-28 15:56:11,LTC/DOGE,BUY,8700.0,0.05,435.0,LTC,DOGE,2021-01-28,133.22,0.0,3.0,6430.550968323076
2021-01-28 15:54:31,LTC/DOGE,BUY,8700.0,0.248997,2166.2739,LTC,DOGE,2021-01-28,133.22,0.0,3.0,6430.550968323076
2021-01-28 01:36:55,WAVES/USD,BUY,6.2,3.44765994,21.37549162,WAVES,USD,2021-01-28,6.2667,0.0,2.0,-1.0643560406593533
2021-01-17 14:43:59,WAVES/USD,SELL,7.25,0.01309981,0.09497362,WAVES,USD,2021-01-17,7.3805499999999995,0.0,2.0,-1.7688383657044504
2021-01-17 14:43:59,WAVES/USD,SELL,7.25,2.94706087,21.3661913,WAVES,USD,2021-01-17,7.3805499999999995,0.0,2.0,-1.7688383657044504
2021-01-02 04:23:59,WAVES/USD,BUY,5.9935,2.96015995,17.74171866,WAVES,USD,2021-01-02,5.5920000000000005,0.0,2.0,7.179899856938476
2020-11-19 19:25:39,DICE/USD,SELL,1e-08,746379435.5856189,7.46379435,DICE,USD,2020-11-19,,0.0,,
2020-11-18 22:15:41,DICE/RUR,BUY,7.3e-07,746379435.5856191,544.85698797,DICE,RUR,2020-11-18,,0.0,,
2020-11-15 17:22:00,DICE/USD,SELL,1e-08,548829023.0,5.48829023,DICE,USD,2020-11-15,,0.0,,
2020-11-15 06:57:33,DICE/RUR,BUY,7.3e-07,548828892.4143809,400.64509146,DICE,RUR,2020-11-15,,0.0,,
2020-11-14 20:33:08,DICE/RUR,SELL,7.9e-07,481179719.424989,380.13197834,DICE,RUR,2020-11-14,,0.0,,
2020-11-14 20:28:38,DICE/RUR,SELL,8e-07,1000000.0,0.8,DICE,RUR,2020-11-14,,0.0,,
2020-11-14 20:27:57,DICE/RUR,SELL,8e-07,93750000.0,75.0,DICE,RUR,2020-11-14,,0.0,,
2020-11-14 20:19:24,DICE/USD,BUY,1e-08,655679719.424989,6.55679719,DICE,USD,2020-11-14,,0.0,,
2020-11-14 20:16:36,DICE/USD,BUY,1e-08,14000000.0,0.14,DICE,USD,2020-11-14,,0.0,,
2020-11-14 20:05:25,DICE/RUR,SELL,8.3e-07,14129994.0,11.72789502,DICE,RUR,2020-11-14,,0.0,,
2020-11-14 19:31:12,DICE/USD,BUY,1e-08,14129994.0,0.14129994,DICE,USD,2020-11-14,,0.0,,
2020-11-14 17:41:06,DICE/RUR,SELL,9.6e-07,99537978.0531645,95.55645893,DICE,RUR,2020-11-14,,0.0,,
2020-11-14 17:34:30,DICE/RUR,SELL,9.6e-07,1823734.97916668,1.75078558,DICE,RUR,2020-11-14,,0.0,,
2020-11-14 17:34:30,DICE/RUR,SELL,9.6e-07,2208333.33333334,2.12,DICE,RUR,2020-11-14,,0.0,,
2020-11-14 17:34:30,DICE/RUR,SELL,9.6e-07,1055001.61458333,1.01280154,DICE,RUR,2020-11-14,,0.0,,
2020-11-14 17:34:30,DICE/RUR,SELL,9.6e-07,9375000.01975215,9.00000001,DICE,RUR,2020-11-14,,0.0,,
2020-11-14 05:06:07,DICE/USD,BUY,1e-08,14000000.0,0.14,DICE,USD,2020-11-14,,0.0,,
2020-11-13 22:37:27,DICE/USD,BUY,1e-08,58000000.0,0.58,DICE,USD,2020-11-13,,0.0,,
2020-11-13 20:38:09,DICE/USD,BUY,1e-08,14000000.0,0.14,DICE,USD,2020-11-13,,0.0,,
2020-11-13 20:06:49,DICE/USD,BUY,1e-08,14000000.0,0.14,DICE,USD,2020-11-13,,0.0,,
2020-11-13 19:54:44,DICE/USD,BUY,1e-08,14000000.0,0.14,DICE,USD,2020-11-13,,0.0,,
2020-11-13 07:54:53,DICE/RUR,SELL,1e-06,297191748.0,297.191748,DICE,RUR,2020-11-13,,0.0,,
2020-11-13 01:04:52,DICE/USD,BUY,1e-08,140000000.0,1.4,DICE,USD,2020-11-13,,0.0,,
2020-11-13 00:14:03,DICE/USD,BUY,1e-08,14000000.0,0.14,DICE,USD,2020-11-13,,0.0,,
2020-11-12 22:15:30,DICE/USD,BUY,1e-08,15000000.0,0.15,DICE,USD,2020-11-12,,0.0,,
2020-11-12 20:06:02,DICE/USD,BUY,1e-08,14015000.0,0.14015,DICE,USD,2020-11-12,,0.0,,
2020-11-12 18:11:12,DICE/USD,BUY,1e-08,14000000.0,0.14,DICE,USD,2020-11-12,,0.0,,
2020-11-12 16:07:54,DICE/USD,BUY,1e-08,14000189.9,0.14000189,DICE,USD,2020-11-12,,0.0,,
2020-11-12 15:23:35,DICE/USD,BUY,1e-08,14000000.0,0.14,DICE,USD,2020-11-12,,0.0,,
2020-11-12 14:37:53,DICE/USD,BUY,1e-08,14000000.0,0.14,DICE,USD,2020-11-12,,0.0,,
2020-11-12 11:41:59,DICE/USD,BUY,1e-08,14000000.0,0.14,DICE,USD,2020-11-12,,0.0,,
2020-11-12 08:12:02,DICE/USD,BUY,1e-08,27805896.99391144,0.27805896,DICE,USD,2020-11-12,,0.0,,
2020-11-12 07:40:50,DICE/USD,BUY,1e-08,16370661.92812725,0.16370661,DICE,USD,2020-11-12,,0.0,,
2020-09-12 00:11:59,USD/RUR,BUY,75.3600001,6.94251695,523.18807804,USD,RUR,2020-09-12,,0.0,,
2020-09-12 00:06:46,USD/RUR,BUY,75.3600001,8.85374805,667.21845393,USD,RUR,2020-09-12,,0.0,,
2020-09-11 16:40:48,USD/RUR,BUY,75.4,0.02667132,2.01101752,USD,RUR,2020-09-11,,0.0,,
2020-09-11 16:35:17,LAMBO/RUR,SELL,8.1e-07,1359322565.0,1101.05127765,LAMBO,RUR,2020-09-11,,0.0,,
2020-09-11 16:34:42,LAMBO/RUR,SELL,8.1e-07,100000000.0560224,81.00000004,LAMBO,RUR,2020-09-11,,0.0,,
2020-09-11 01:01:57,LAMBO/RUR,SELL,1.26e-06,10238095.23809524,12.9,LAMBO,RUR,2020-09-11,,0.0,,
2020-09-10 20:59:38,LAMBO/RUR,SELL,8.5e-07,2641764.70588235,2.24549999,LAMBO,RUR,2020-09-10,,0.0,,
2020-09-10 16:52:28,LAMBO/USD,BUY,1e-08,1472202425.0,14.72202425,LAMBO,USD,2020-09-10,,0.0,,
2020-08-28 22:31:07,DICE/USD,SELL,9e-08,5232908.73537059,0.47096178,DICE,USD,2020-08-28,,0.0,,
2020-08-28 22:31:04,DICE/USD,SELL,9e-08,24120280.44444445,2.17082524,DICE,USD,2020-08-28,,0.0,,
2020-08-28 22:31:01,DICE/USD,SELL,9e-08,24120280.44444445,2.17082524,DICE,USD,2020-08-28,,0.0,,
2020-08-28 22:30:58,DICE/USD,SELL,9e-08,24120280.44444445,2.17082524,DICE,USD,2020-08-28,,0.0,,
2020-08-28 22:30:54,DICE/USD,SELL,9e-08,24120280.44444445,2.17082524,DICE,USD,2020-08-28,,0.0,,
2020-08-28 22:30:47,DICE/USD,SELL,9e-08,24120280.44444445,2.17082524,DICE,USD,2020-08-28,,0.0,,
2020-08-28 19:38:10,DICE/USD,SELL,9e-08,38399359.04240716,3.45594231,DICE,USD,2020-08-28,,0.0,,
2020-08-27 07:40:02,DICE/USD,BUY,1e-07,164233670.0,16.423367,DICE,USD,2020-08-27,,0.0,,
2020-08-20 04:20:44,DICE/USD,SELL,2.3e-07,71692139.0,16.48919197,DICE,USD,2020-08-20,,0.0,,
2020-08-18 17:17:10,DICE/USD,BUY,2.2e-07,6784175.71082118,1.49251865,DICE,USD,2020-08-18,,0.0,,
2020-08-18 17:15:28,DICE/USD,BUY,2.2e-07,7000000.0,1.54,DICE,USD,2020-08-18,,0.0,,
2020-08-18 17:08:35,DICE/USD,BUY,2.2e-07,14000000.0,3.08,DICE,USD,2020-08-18,,0.0,,
2020-08-18 16:39:52,DICE/USD,BUY,2.2e-07,43907963.28917882,9.65975192,DICE,USD,2020-08-18,,0.0,,
2020-08-14 21:49:34,DICE/USD,SELL,3.5e-07,45244246.0,15.8354861,DICE,USD,2020-08-14,,0.0,,
2020-08-14 17:53:20,DICE/USD,BUY,3e-07,2857246.64919685,0.85717399,DICE,USD,2020-08-14,,0.0,,
2020-08-14 17:53:20,DICE/USD,BUY,3e-07,509022.92848268,0.15270687,DICE,USD,2020-08-14,,0.0,,
2020-08-14 17:53:20,DICE/USD,BUY,3e-07,3454841.60141263,1.03645248,DICE,USD,2020-08-14,,0.0,,
2020-08-14 17:53:20,DICE/USD,BUY,3e-07,1037366.40713719,0.31120992,DICE,USD,2020-08-14,,0.0,,
2020-08-14 17:53:20,DICE/USD,BUY,3e-07,1518556.3645746,0.4555669,DICE,USD,2020-08-14,,0.0,,
2020-08-14 17:53:19,DICE/USD,BUY,3e-07,1290219.53269013,0.38706585,DICE,USD,2020-08-14,,0.0,,
2020-08-14 17:53:19,DICE/USD,BUY,3e-07,2473538.13369644,0.74206144,DICE,USD,2020-08-14,,0.0,,
2020-08-14 17:53:08,DICE/USD,BUY,3e-07,32103454.38280948,9.63103631,DICE,USD,2020-08-14,,0.0,,
2020-08-05 16:17:43,DICE/USD,SELL,3.4e-07,24081399.0,8.18767566,DICE,USD,2020-08-05,,0.0,,
2020-08-05 16:15:47,DICE/USD,SELL,3.4e-07,16000000.0,5.44,DICE,USD,2020-08-05,,0.0,,
2020-08-03 22:46:16,DICE/USD,BUY,3.3e-07,40081399.0,13.22686167,DICE,USD,2020-08-03,,0.0,,
2020-08-03 15:05:52,DICE/USD,SELL,3.4e-07,29132461.35999211,9.90503686,DICE,USD,2020-08-03,,0.0,,
2020-08-03 14:16:18,DICE/USD,SELL,3.4e-07,9925994.64000789,3.37483817,DICE,USD,2020-08-03,,0.0,,
2020-07-29 18:59:41,DICE/USD,BUY,3.8e-07,39058456.0,14.84221328,DICE,USD,2020-07-29,,0.0,,
2020-07-26 22:41:01,DICE/USD,SELL,4.5e-07,33114891.0,14.90170095,DICE,USD,2020-07-26,,0.0,,
2020-07-26 17:03:42,DICE/USD,BUY,4.4e-07,33114891.0,14.57055204,DICE,USD,2020-07-26,,0.0,,
2020-07-26 14:04:53,DICE/USD,SELL,4.5e-07,32508781.0,14.62895145,DICE,USD,2020-07-26,,0.0,,
2020-07-25 20:35:29,DICE/USD,BUY,4.4e-07,32504072.62520414,14.30179195,DICE,USD,2020-07-25,,0.0,,
2020-07-25 14:55:36,BTC/USD,SELL,9581.11,0.00139617,13.37685834,BTC,USD,2020-07-25,9699.6,0.0,3.0,-1.2215967668769867
2020-07-25 14:55:36,BTC/USD,SELL,9581.11,0.00010252,0.98225539,BTC,USD,2020-07-25,9699.6,0.0,3.0,-1.2215967668769867
2020-06-01 06:58:23,LTCP/BTC,SELL,3e-08,50056.33732534,0.00150169,LTCP,BTC,2020-06-01,,0.0,,
2020-02-15 17:53:59,DOGE/ETH,BUY,1.102e-05,5250.17197908,0.05785689,DOGE,ETH,2020-02-15,0.00289505,0.0,2.0,-99.61935027028895
2019-12-24 02:34:27,LTCP/BTC,BUY,2e-08,50056.33732534,0.00100112,LTCP,BTC,2019-12-24,,0.0,,
2019-07-30 00:29:35,EDRC/BTC,SELL,1.96e-05,51.28205128,0.00100512,EDRC,BTC,2019-07-30,,0.0,,
2019-07-11 05:37:03,FTO/USD,BUY,1.11999999,44.46279108,49.79832556,FTO,USD,2019-07-11,,0.0,,
2019-07-11 05:37:00,FTO/USD,BUY,1.11999999,13.76308281,15.4146526,FTO,USD,2019-07-11,,0.0,,
2019-07-10 17:14:20,DOGE/ETH,SELL,1.175e-05,0.00088577,1e-08,DOGE,ETH,2019-07-10,0.00333505,0.0,2.0,-99.64768144405632
2019-07-10 17:13:40,DOGE/ETH,SELL,1.175e-05,4943.72461975,0.05808876,DOGE,ETH,2019-07-10,0.00333505,0.0,2.0,-99.64768144405632
2019-07-09 15:00:40,DOGE/ETH,BUY,1.101e-05,4943.72463065,0.0544304,DOGE,ETH,2019-07-09,0.0034635,0.0,2.0,-99.68211346903422
2019-07-08 15:30:16,FTO/USD,SELL,1.32799998,49.30297726,65.47435281,FTO,USD,2019-07-08,,0.0,,
2019-07-05 09:19:19,ETH/DOGE,BUY,85999.0,0.00091404,78.60652596,ETH,DOGE,2019-07-05,287.44,0.0,3.0,29818.939604787083
2019-07-05 09:19:17,ETH/DOGE,BUY,85999.0,0.05362522,4611.71529478,ETH,DOGE,2019-07-05,287.44,0.0,3.0,29818.939604787083
2019-06-27 19:46:29,FTO/USD,BUY,1.1100001,1.24769629,1.384943,FTO,USD,2019-06-27,,0.0,,
2019-06-27 02:42:24,FTO/USD,SELL,1.33999999,1.037682,1.39049386,FTO,USD,2019-06-27,,0.0,,
2019-06-26 23:26:10,FTO/USD,BUY,1.22999999,22.4255107,27.58337793,FTO,USD,2019-06-26,,0.0,,
2019-06-26 23:13:45,FTO/USD,BUY,1.22999999,26.66745227,32.80096602,FTO,USD,2019-06-26,,0.0,,
2019-06-26 03:33:28,FTO/USD,SELL,1.34999999,12.67963936,17.117513,FTO,USD,2019-06-26,,0.0,,
2019-06-26 01:24:26,FTO/USD,SELL,1.34999999,25.98324033,35.07737418,FTO,USD,2019-06-26,,0.0,,
2019-06-20 14:41:04,FTO/USD,BUY,1.241,1e-08,1e-08,FTO,USD,2019-06-20,,0.0,,
2019-06-20 14:40:48,FTO/USD,BUY,1.241,38.66287968,47.98063368,FTO,USD,2019-06-20,,0.0,,
2019-06-19 17:15:16,FTO/USD,SELL,1.56,30.88009027,48.17294082,FTO,USD,2019-06-19,,0.0,,
2019-06-19 17:02:33,LTCP/USD,BUY,0.00032001,20631.16903101,6.6021804,LTCP,USD,2019-06-19,,0.0,,
2019-06-11 16:26:58,ZXZ/YO,BUY,1.301e-05,20.94726764,0.00027252,ZXZ,YO,2019-06-11,,0.0,,
2019-06-11 15:55:52,ZXZ/YO,SELL,1.7e-05,16.09448573,0.0002736,ZXZ,YO,2019-06-11,,0.0,,
2019-06-11 15:53:03,ZXZ/YO,BUY,1.657e-05,16.09448573,0.00026668,ZXZ,YO,2019-06-11,,0.0,,
2019-06-11 10:38:57,LTCP/BTC,BUY,5e-08,38262.65469061,0.00191313,LTCP,BTC,2019-06-11,,0.0,,
2019-06-09 20:18:04,NEBU/BTC,SELL,2.5e-07,1000.0,0.00025,NEBU,BTC,2019-06-09,,0.0,,
2019-06-09 20:18:03,NEBU/BTC,SELL,2.5e-07,1000.0,0.00025,NEBU,BTC,2019-06-09,,0.0,,
2019-06-09 20:10:33,NEBU/BTC,BUY,2.4e-07,5000.0,0.0012,NEBU,BTC,2019-06-09,,0.0,,
2019-06-07 10:42:00,TVT/DOGE,SELL,2.696e-05,5455183.01254632,147.07173401,TVT,DOGE,2019-06-07,,0.0,,
2019-06-07 10:40:04,TVT/DOGE,SELL,2.696e-05,3000000.0,80.88,TVT,DOGE,2019-06-07,,0.0,,
2019-06-07 10:39:28,TVT/DOGE,SELL,2.696e-05,16000000.0,431.36,TVT,DOGE,2019-06-07,,0.0,,
2019-06-06 15:58:31,TVT/DOGE,BUY,2.548e-05,3000000.0,76.44,TVT,DOGE,2019-06-06,,0.0,,
2019-06-06 15:58:31,TVT/DOGE,BUY,2.55e-05,3000000.0,76.5,TVT,DOGE,2019-06-06,,0.0,,
2019-06-06 15:58:30,TVT/DOGE,BUY,2.557e-05,3000000.0,76.71,TVT,DOGE,2019-06-06,,0.0,,
2019-06-06 15:58:30,TVT/DOGE,BUY,2.553e-05,3000000.0,76.59,TVT,DOGE,2019-06-06,,0.0,,
2019-06-06 15:58:07,TVT/DOGE,BUY,2.561e-05,3000000.0,76.83,TVT,DOGE,2019-06-06,,0.0,,
2019-06-06 15:58:07,TVT/DOGE,BUY,2.562e-05,3455183.01254632,88.52178878,TVT,DOGE,2019-06-06,,0.0,,
2019-06-06 15:58:07,TVT/DOGE,BUY,2.564e-05,3000000.0,76.92,TVT,DOGE,2019-06-06,,0.0,,
2019-06-06 15:58:07,TVT/DOGE,BUY,2.565e-05,3000000.0,76.95,TVT,DOGE,2019-06-06,,0.0,,
2019-06-05 08:39:35,PUMP/YO,SELL,2.75e-06,97.36252402,0.00026774,PUMP,YO,2019-06-05,,0.0,,
2019-06-04 22:22:09,PUMP/YO,BUY,2.69e-06,97.36252402,0.0002619,PUMP,YO,2019-06-04,,0.0,,
2019-06-04 22:00:35,PUMP/YO,SELL,2.51e-06,104.75742392,0.00026294,PUMP,YO,2019-06-04,,0.0,,
2019-06-04 21:58:16,PUMP/YO,BUY,2.45e-06,104.75742392,0.00025665,PUMP,YO,2019-06-04,,0.0,,
2019-06-04 21:43:54,PUMP/YO,SELL,2.32e-06,111.06503806,0.00025767,PUMP,YO,2019-06-04,,0.0,,
2019-06-04 21:36:40,PUMP/YO,BUY,2.26e-06,111.06503806,0.000251,PUMP,YO,2019-06-04,,0.0,,
2019-06-04 19:35:48,FTO/USD,BUY,1.39000001,12.94964019,17.99999999,FTO,USD,2019-06-04,,0.0,,
2019-06-04 14:15:25,FTO/USD,BUY,1.40000001,0.72693129,1.01770381,FTO,USD,2019-06-04,,0.0,,
2019-06-04 14:13:40,FTO/USD,BUY,1.40000001,3.0,4.20000003,FTO,USD,2019-06-04,,0.0,,
2019-06-04 14:09:02,FTO/USD,BUY,1.40000001,14.20351879,19.88492644,FTO,USD,2019-06-04,,0.0,,
2019-06-04 08:57:08,TVT/DOGE,SELL,2.873e-05,642141.6144746,18.44872858,TVT,DOGE,2019-06-04,,0.0,,
2019-06-04 08:56:17,TVT/DOGE,SELL,2.855e-05,17130600.68805396,489.07864964,TVT,DOGE,2019-06-04,,0.0,,
2019-06-04 08:55:26,TVT/DOGE,SELL,2.86e-05,3479444.84186655,99.51212247,TVT,DOGE,2019-06-04,,0.0,,
2019-06-04 08:55:26,TVT/DOGE,SELL,2.86e-05,372303.4098817,10.64787752,TVT,DOGE,2019-06-04,,0.0,,
2019-06-04 08:54:10,TVT/DOGE,SELL,2.873e-05,357858.3855254,10.28127141,TVT,DOGE,2019-06-04,,0.0,,
2019-06-04 06:38:32,TVT/DOGE,BUY,2.2e-05,11463276.21003427,252.19207662,TVT,DOGE,2019-06-04,,0.0,,
2019-06-04 06:38:27,TVT/DOGE,BUY,2.2e-05,10519072.72976794,231.41960005,TVT,DOGE,2019-06-04,,0.0,,
2019-06-03 16:39:44,EDRC/DOGE,BUY,39.0,36.28205128,1414.99999992,EDRC,DOGE,2019-06-03,,0.0,,
2019-06-03 16:20:48,EDRC/DOGE,BUY,39.0,10.0,390.0,EDRC,DOGE,2019-06-03,,0.0,,
2019-06-03 15:51:25,EDRC/DOGE,BUY,39.0,5.0,195.0,EDRC,DOGE,2019-06-03,,0.0,,
2019-06-01 20:59:27,TVT/DOGE,SELL,2.439e-05,2351783.62971253,57.36000272,TVT,DOGE,2019-06-01,,0.0,,
2019-06-01 20:59:26,TVT/DOGE,SELL,2.439e-05,2648216.37028747,64.58999727,TVT,DOGE,2019-06-01,,0.0,,
2019-06-01 20:58:05,TVT/DOGE,SELL,2.436e-05,2853206.83740312,69.50411855,TVT,DOGE,2019-06-01,,0.0,,
2019-06-01 20:58:04,TVT/DOGE,SELL,2.436e-05,2146793.16259688,52.29588144,TVT,DOGE,2019-06-01,,0.0,,
2019-06-01 20:56:31,TVT/DOGE,SELL,2.437e-05,4998723.944644,121.81890253,TVT,DOGE,2019-06-01,,0.0,,
2019-06-01 20:56:30,TVT/DOGE,SELL,2.437e-05,1276.055356,0.03109746,TVT,DOGE,2019-06-01,,0.0,,
2019-06-01 20:47:20,TVT/DOGE,SELL,2.399e-05,661075.32826777,15.85919712,TVT,DOGE,2019-06-01,,0.0,,
2019-06-01 20:47:19,TVT/DOGE,SELL,2.399e-05,888888.88888888,21.32444444,TVT,DOGE,2019-06-01,,0.0,,
2019-06-01 20:47:09,TVT/DOGE,SELL,2.399e-05,888888.88888888,21.32444444,TVT,DOGE,2019-06-01,,0.0,,
2019-06-01 20:47:08,TVT/DOGE,SELL,2.399e-05,888888.88888888,21.32444444,TVT,DOGE,2019-06-01,,0.0,,
2019-06-01 20:47:08,TVT/DOGE,SELL,2.399e-05,360450.57224307,8.64720922,TVT,DOGE,2019-06-01,,0.0,,
2019-06-01 20:47:07,TVT/DOGE,SELL,2.399e-05,360450.57224307,8.64720922,TVT,DOGE,2019-06-01,,0.0,,
2019-06-01 20:47:06,TVT/DOGE,SELL,2.399e-05,62467.97169057,1.49860664,TVT,DOGE,2019-06-01,,0.0,,
2019-06-01 16:19:00,TVT/DOGE,BUY,2.403e-05,20000000.0,480.6,TVT,DOGE,2019-06-01,,0.0,,
2019-05-31 19:18:49,FTO/BTC,SELL,0.0002084,9.0,0.0018756,FTO,BTC,2019-05-31,,0.0,,
2019-05-31 11:38:47,LTCP/DOGE,BUY,0.125,2277.00028137,284.62503517,LTCP,DOGE,2019-05-31,,0.0,,
2019-05-30 21:18:44,EGOLD/BTC,BUY,4e-08,5357.26047904,0.00021429,EGOLD,BTC,2019-05-30,,0.0,,
2019-05-30 15:48:20,FTO/USD,SELL,1.61999999,0.85504066,1.38516586,FTO,USD,2019-05-30,,0.0,,
2019-05-30 15:48:11,FTO/USD,SELL,1.61999999,4.71138036,7.63243613,FTO,USD,2019-05-30,,0.0,,
2019-05-30 10:09:21,FTO/USD,SELL,1.439101,11.24704939,16.18564002,FTO,USD,2019-05-30,,0.0,,
2019-05-29 22:14:11,FTO/USD,BUY,1.412,3.3482893,4.72778449,FTO,USD,2019-05-29,,0.0,,
2019-05-29 22:13:50,FTO/USD,BUY,1.412,1.40763205,1.98757645,FTO,USD,2019-05-29,,0.0,,
2019-05-29 22:13:44,FTO/USD,BUY,1.412,1.40763205,1.98757645,FTO,USD,2019-05-29,,0.0,,
2019-05-29 22:13:41,FTO/USD,BUY,1.412,1.04759446,1.47920337,FTO,USD,2019-05-29,,0.0,,
2019-05-29 21:32:45,FTO/USD,BUY,1.412,3.86787429,5.46143849,FTO,USD,2019-05-29,,0.0,,
2019-05-29 21:32:42,FTO/USD,BUY,1.412,0.16802724,0.23725446,FTO,USD,2019-05-29,,0.0,,
2019-05-29 17:20:23,EGOLD/BTC,SELL,6e-08,3585.8140861,0.00021514,EGOLD,BTC,2019-05-29,,0.0,,
2019-05-29 16:21:43,EGOLD/BTC,BUY,7e-08,3585.8140861,0.000251,EGOLD,BTC,2019-05-29,,0.0,,
2019-05-28 07:53:30,UMC/BTC,SELL,2.1e-07,1200.0,0.000252,UMC,BTC,2019-05-28,,0.0,,
2019-05-27 09:31:31,FTO/DOGE,BUY,500.0000002,1.59999999,799.99999531,FTO,DOGE,2019-05-27,,0.0,,
2019-05-27 02:45:02,FTO/USD,SELL,1.63,9.13861733,14.89594624,FTO,USD,2019-05-27,,0.0,,
2019-05-26 23:18:40,BTC/USD,SELL,8447.0042235,0.0040465,34.18080259,BTC,USD,2019-05-26,8617.0,0.0,3.0,-1.9727953638157159
2019-05-26 21:47:06,XRP/DOGE,SELL,136.0,8.04544759,1094.18087224,XRP,DOGE,2019-05-26,0.403835,0.0,2.0,33577.12060618817
2019-05-26 21:18:47,FTO/DOGE,BUY,500.0,3.96642103,1983.210515,FTO,DOGE,2019-05-26,,0.0,,
2019-05-26 19:00:16,SPACE/BTC,BUY,3.5e-07,500.0,0.000175,SPACE,BTC,2019-05-26,,0.0,,
2019-05-26 18:50:29,SPACE/BTC,BUY,4.6e-07,1379.24873942,0.00063445,SPACE,BTC,2019-05-26,,0.0,,
2019-05-26 17:24:01,SPACE/BTC,SELL,4.4e-07,1000.0,0.00044,SPACE,BTC,2019-05-26,,0.0,,
2019-05-26 15:31:41,SPACE/BTC,BUY,4e-07,1000.0,0.0004,SPACE,BTC,2019-05-26,,0.0,,
2019-05-25 17:19:27,FTO/USD,BUY,1.58195001,6.16959344,9.7599884,FTO,USD,2019-05-25,,0.0,,
2019-05-25 17:07:15,FTO/USD,BUY,1.58195001,4.07453945,6.44571772,FTO,USD,2019-05-25,,0.0,,
2019-05-25 17:07:02,FTO/BTC,BUY,0.0001975,7.89448444,0.00155916,FTO,BTC,2019-05-25,,0.0,,
2019-05-25 04:33:25,FTO/BTC,SELL,0.00020611,7.5949367,0.00156539,FTO,BTC,2019-05-25,,0.0,,
2019-05-25 04:04:13,EDRC/USD,SELL,0.1844,0.47222388,0.08707808,EDRC,USD,2019-05-25,,0.0,,
2019-05-25 04:04:13,EDRC/USD,SELL,0.1844,87.76307023,16.18351015,EDRC,USD,2019-05-25,,0.0,,
2019-05-24 22:02:20,FTO/BTC,BUY,0.0001975,7.5949367,0.00149999,FTO,BTC,2019-05-24,,0.0,,
2019-05-24 11:38:31,ETH/BTC,SELL,0.03143365,0.06382682,0.0020063,ETH,BTC,2019-05-24,248.87,0.0,3.0,-99.98736944991361
2019-05-24 07:00:08,LTCP/BTC,SELL,1.1e-07,39351.90868263,0.0043287,LTCP,BTC,2019-05-24,,0.0,,
2019-05-23 21:31:02,TVT/DOGE,SELL,2.846e-05,2000000.0,56.92,TVT,DOGE,2019-05-23,,0.0,,
2019-05-23 21:31:02,TVT/DOGE,SELL,2.848e-05,2000000.0,56.96,TVT,DOGE,2019-05-23,,0.0,,
2019-05-23 21:31:02,TVT/DOGE,SELL,2.847e-05,2000000.0,56.94,TVT,DOGE,2019-05-23,,0.0,,
2019-05-23 21:30:49,TVT/DOGE,SELL,2.843e-05,3000000.0,85.29,TVT,DOGE,2019-05-23,,0.0,,
2019-05-23 21:30:49,TVT/DOGE,SELL,2.844e-05,2000000.0,56.88,TVT,DOGE,2019-05-23,,0.0,,
2019-05-23 20:28:06,TVT/DOGE,BUY,2.757e-05,214633.92893039,5.91745742,TVT,DOGE,2019-05-23,,0.0,,
2019-05-23 20:28:03,TVT/DOGE,BUY,2.757e-05,392462.635209,10.82019485,TVT,DOGE,2019-05-23,,0.0,,
2019-05-23 20:27:59,TVT/DOGE,BUY,2.757e-05,392462.635209,10.82019485,TVT,DOGE,2019-05-23,,0.0,,
2019-05-23 20:27:55,TVT/DOGE,BUY,2.757e-05,392462.635209,10.82019485,TVT,DOGE,2019-05-23,,0.0,,
2019-05-23 20:27:52,TVT/DOGE,BUY,2.757e-05,392462.635209,10.82019485,TVT,DOGE,2019-05-23,,0.0,,
2019-05-23 20:27:47,TVT/DOGE,BUY,2.757e-05,392462.635209,10.82019485,TVT,DOGE,2019-05-23,,0.0,,
2019-05-23 20:27:35,TVT/DOGE,BUY,2.757e-05,392462.635209,10.82019485,TVT,DOGE,2019-05-23,,0.0,,
2019-05-23 20:27:31,TVT/DOGE,BUY,2.757e-05,392462.635209,10.82019485,TVT,DOGE,2019-05-23,,0.0,,
2019-05-23 20:27:27,TVT/DOGE,BUY,2.757e-05,38127.62460661,1.05117861,TVT,DOGE,2019-05-23,,0.0,,
2019-05-23 19:24:59,TVT/DOGE,BUY,2.761e-05,45478.72028611,1.25566746,TVT,DOGE,2019-05-23,,0.0,,
2019-05-23 19:24:55,TVT/DOGE,BUY,2.761e-05,385809.34318989,10.65219596,TVT,DOGE,2019-05-23,,0.0,,
2019-05-23 19:24:51,TVT/DOGE,BUY,2.761e-05,392035.736041,10.82410667,TVT,DOGE,2019-05-23,,0.0,,
2019-05-23 19:24:49,TVT/DOGE,BUY,2.761e-05,392035.736041,10.82410667,TVT,DOGE,2019-05-23,,0.0,,
2019-05-23 19:24:39,TVT/DOGE,BUY,2.761e-05,392320.232221,10.83196161,TVT,DOGE,2019-05-23,,0.0,,
2019-05-23 19:24:36,TVT/DOGE,BUY,2.761e-05,392320.232221,10.83196161,TVT,DOGE,2019-05-23,,0.0,,
2019-05-23 19:18:19,TVT/DOGE,BUY,2.759e-05,2000000.0,55.18,TVT,DOGE,2019-05-23,,0.0,,
2019-05-23 19:15:34,TVT/DOGE,BUY,2.76e-05,137421.24499,3.79282636,TVT,DOGE,2019-05-23,,0.0,,
2019-05-23 19:15:27,TVT/DOGE,BUY,2.76e-05,392177.932535,10.82411093,TVT,DOGE,2019-05-23,,0.0,,
2019-05-23 19:15:09,TVT/DOGE,BUY,2.76e-05,392177.932535,10.82411093,TVT,DOGE,2019-05-23,,0.0,,
2019-05-23 19:15:06,TVT/DOGE,BUY,2.76e-05,6731.24665604,0.1857824,TVT,DOGE,2019-05-23,,0.0,,
2019-05-23 19:15:03,TVT/DOGE,BUY,2.76e-05,392177.932535,10.82411093,TVT,DOGE,2019-05-23,,0.0,,
2019-05-23 19:14:59,TVT/DOGE,BUY,2.76e-05,392177.932535,10.82411093,TVT,DOGE,2019-05-23,,0.0,,
2019-05-23 19:14:56,TVT/DOGE,BUY,2.76e-05,4779.48611452,0.13191381,TVT,DOGE,2019-05-23,,0.0,,
2019-05-23 19:14:53,TVT/DOGE,BUY,2.76e-05,282356.29209944,7.79303366,TVT,DOGE,2019-05-23,,0.0,,
2019-05-23 19:09:16,TVT/DOGE,BUY,2.76e-05,349651.35933048,9.65037751,TVT,DOGE,2019-05-23,,0.0,,
2019-05-23 19:09:12,TVT/DOGE,BUY,2.76e-05,392177.932535,10.82411093,TVT,DOGE,2019-05-23,,0.0,,
2019-05-23 19:09:09,TVT/DOGE,BUY,2.76e-05,392177.932535,10.82411093,TVT,DOGE,2019-05-23,,0.0,,
2019-05-23 19:09:02,TVT/DOGE,BUY,2.76e-05,392177.932535,10.82411093,TVT,DOGE,2019-05-23,,0.0,,
2019-05-23 19:08:58,TVT/DOGE,BUY,2.76e-05,392320.232221,10.8280384,TVT,DOGE,2019-05-23,,0.0,,
2019-05-23 19:08:56,TVT/DOGE,BUY,2.76e-05,81494.61084352,2.24925125,TVT,DOGE,2019-05-23,,0.0,,
2019-05-23 15:47:49,TVT/DOGE,SELL,2.865e-05,882683.70340229,25.2888881,TVT,DOGE,2019-05-23,,0.0,,
2019-05-23 15:40:39,TVT/DOGE,SELL,2.871e-05,16590.26890293,0.47630662,TVT,DOGE,2019-05-23,,0.0,,
2019-05-23 15:38:41,TVT/DOGE,SELL,2.871e-05,347345.2946473,9.9722834,TVT,DOGE,2019-05-23,,0.0,,
2019-05-23 15:07:05,TVT/DOGE,BUY,2.775e-05,390901.86551,10.84752676,TVT,DOGE,2019-05-23,,0.0,,
2019-05-23 15:07:02,TVT/DOGE,BUY,2.775e-05,385550.12871452,10.69901607,TVT,DOGE,2019-05-23,,0.0,,
2019-05-23 15:04:31,TVT/DOGE,BUY,2.775e-05,390055.757576,10.82404727,TVT,DOGE,2019-05-23,,0.0,,
2019-05-23 15:04:29,TVT/DOGE,BUY,2.775e-05,80111.515152,2.22309454,TVT,DOGE,2019-05-23,,0.0,,
2019-05-23 10:57:15,ETH/BTC,BUY,0.031,0.06382682,0.00197863,ETH,BTC,2019-05-23,244.6,0.0,3.0,-99.98732624693378
2019-05-23 07:38:53,USDT/BTC,SELL,0.00013098,15.16683503,0.00198655,USDT,BTC,2019-05-23,,0.0,,
2019-05-21 18:39:51,LTCP/BTC,BUY,8e-08,39351.90868263,0.00314815,LTCP,BTC,2019-05-21,,0.0,,
2019-05-21 17:19:39,SKYMAX/BTC,SELL,1.7e-07,18592.75948103,0.00316076,SKYMAX,BTC,2019-05-21,,0.0,,
2019-05-21 17:14:13,SKYMAX/BTC,BUY,2e-07,18592.75948103,0.00371855,SKYMAX,BTC,2019-05-21,,0.0,,
2019-05-21 17:12:25,SKYMAX/BTC,SELL,2e-07,18667.22492513,0.00373344,SKYMAX,BTC,2019-05-21,,0.0,,
2019-05-21 17:02:37,SKYMAX/BTC,BUY,3.2e-07,18667.22492513,0.00597351,SKYMAX,BTC,2019-05-21,,0.0,,
2019-05-21 17:00:36,SKYMAX/BTC,SELL,3.1e-07,19346.60345974,0.00599744,SKYMAX,BTC,2019-05-21,,0.0,,
2019-05-21 17:00:22,SKYMAX/BTC,BUY,3e-07,19346.60345974,0.00580398,SKYMAX,BTC,2019-05-21,,0.0,,
2019-05-21 16:49:20,SKYMAX/BTC,SELL,3.3e-07,17658.27407683,0.00582723,SKYMAX,BTC,2019-05-21,,0.0,,
2019-05-21 16:48:26,SKYMAX/BTC,BUY,3.2e-07,17658.27407683,0.00565064,SKYMAX,BTC,2019-05-21,,0.0,,
2019-05-21 16:45:49,SKYMAX/BTC,SELL,2.5e-07,22693.14371257,0.00567328,SKYMAX,BTC,2019-05-21,,0.0,,
2019-05-21 16:44:44,SKYMAX/BTC,BUY,3e-07,22693.14371257,0.00680794,SKYMAX,BTC,2019-05-21,,0.0,,
2019-05-21 16:42:41,SKYMAX/BTC,SELL,3.3e-07,20712.7900449,0.00683522,SKYMAX,BTC,2019-05-21,,0.0,,
2019-05-21 16:41:49,SKYMAX/BTC,BUY,3.2e-07,20712.7900449,0.00662809,SKYMAX,BTC,2019-05-21,,0.0,,
2019-05-21 16:39:39,SKYMAX/BTC,SELL,4.1e-07,16230.83582834,0.00665464,SKYMAX,BTC,2019-05-21,,0.0,,
2019-05-21 16:39:15,SKYMAX/BTC,BUY,4e-07,16230.83582834,0.00649233,SKYMAX,BTC,2019-05-21,,0.0,,
2019-05-21 16:22:20,SKYMAX/BTC,SELL,3.1e-07,21026.9095143,0.00651834,SKYMAX,BTC,2019-05-21,,0.0,,
2019-05-21 16:21:01,SKYMAX/BTC,BUY,3e-07,21026.9095143,0.00630807,SKYMAX,BTC,2019-05-21,,0.0,,
2019-05-21 16:19:16,SKYMAX/BTC,SELL,2.7e-07,23456.81329647,0.00633333,SKYMAX,BTC,2019-05-21,,0.0,,
2019-05-21 16:16:02,SKYMAX/BTC,BUY,2.6e-07,15582.37596429,0.00405141,SKYMAX,BTC,2019-05-21,,0.0,,
2019-05-21 16:16:00,SKYMAX/BTC,BUY,2.6e-07,7874.43733218,0.00204735,SKYMAX,BTC,2019-05-21,,0.0,,
2019-05-21 16:09:38,BTC/USD,BUY,7911.51,0.00611096,48.34692114,BTC,USD,2019-05-21,7904.2,0.0,3.0,0.09248247767010831
2019-05-21 15:12:22,LTC/USD,SELL,92.4968,0.0653974,6.04905022,LTC,USD,2019-05-21,91.0,0.0,3.0,1.6448351648351567
2019-05-21 15:11:27,LTC/USD,SELL,92.4968,0.45938579,42.49171554,LTC,USD,2019-05-21,91.0,0.0,3.0,1.6448351648351567
2019-05-21 13:18:08,XRP/DOGE,BUY,131.52000017,8.04544719,1058.13721579,XRP,DOGE,2019-05-21,0.395385,0.0,2.0,33163.78091480456
2019-05-21 06:41:19,LTC/USD,BUY,90.05,0.17111929,15.40929206,LTC,USD,2019-05-21,91.0,0.0,3.0,-1.0439560439560513
2019-05-21 06:07:13,LTC/USD,BUY,90.05,0.07141032,6.43049931,LTC,USD,2019-05-21,91.0,0.0,3.0,-1.0439560439560513
2019-05-21 06:06:44,LTC/USD,BUY,90.05,0.10071571,9.06944968,LTC,USD,2019-05-21,91.0,0.0,3.0,-1.0439560439560513
2019-05-21 06:05:30,LTC/USD,BUY,90.05,0.16018536,14.42469166,LTC,USD,2019-05-21,91.0,0.0,3.0,-1.0439560439560513
2019-05-21 06:05:29,LTC/USD,BUY,90.05,0.0213525,1.92279262,LTC,USD,2019-05-21,91.0,0.0,3.0,-1.0439560439560513
2019-05-20 17:56:09,BTC/USD,SELL,7820.0,0.0025008,19.556256,BTC,USD,2019-05-20,7935.15,0.0,3.0,-1.4511382897613778
2019-05-20 17:01:17,BTC/USD,SELL,7820.0,0.0034105,26.67011,BTC,USD,2019-05-20,7935.15,0.0,3.0,-1.4511382897613778
2019-05-20 17:00:32,BTC/USD,SELL,7820.0,0.00015597,1.2196854,BTC,USD,2019-05-20,7935.15,0.0,3.0,-1.4511382897613778
2019-05-20 14:54:40,BTC/USD,BUY,7742.6,0.00606727,46.9764447,BTC,USD,2019-05-20,7935.15,0.0,3.0,-2.4265451818806127
2019-05-20 11:47:39,BTC/USD,SELL,7879.999,0.00558441,44.00514521,BTC,USD,2019-05-20,7935.15,0.0,3.0,-0.6950215181817598
2019-05-20 11:47:39,BTC/USD,SELL,7879.999,0.00040096,3.15956439,BTC,USD,2019-05-20,7935.15,0.0,3.0,-0.6950215181817598
2019-05-20 11:18:08,TVT/DOGE,SELL,2.877e-05,179010.18019083,5.15012288,TVT,DOGE,2019-05-20,,0.0,,
2019-05-20 11:18:06,TVT/DOGE,SELL,2.877e-05,440273.42544317,12.66666645,TVT,DOGE,2019-05-20,,0.0,,
2019-05-20 11:14:23,TVT/DOGE,BUY,2.855e-05,238835.132728,6.81874303,TVT,DOGE,2019-05-20,,0.0,,
2019-05-20 11:14:21,TVT/DOGE,BUY,2.855e-05,380448.472906,10.8618039,TVT,DOGE,2019-05-20,,0.0,,
2019-05-20 11:13:40,TVT/DOGE,SELL,2.89e-05,349203.09863555,10.09196955,TVT,DOGE,2019-05-20,,0.0,,
2019-05-20 11:13:37,TVT/DOGE,SELL,2.89e-05,31513.29573045,0.91073424,TVT,DOGE,2019-05-20,,0.0,,
2019-05-20 11:13:06,TVT/DOGE,BUY,2.855e-05,380716.394366,10.86945305,TVT,DOGE,2019-05-20,,0.0,,
2019-05-20 11:11:30,TVT/DOGE,SELL,2.948e-05,4626.39135166,0.13638601,TVT,DOGE,2019-05-20,,0.0,,
2019-05-20 11:11:29,TVT/DOGE,SELL,2.948e-05,375848.032564,11.07999999,TVT,DOGE,2019-05-20,,0.0,,
2019-05-20 11:11:27,TVT/DOGE,SELL,2.948e-05,127544.097692,3.75999999,TVT,DOGE,2019-05-20,,0.0,,
2019-05-20 11:11:27,TVT/DOGE,SELL,2.946e-05,248303.934872,7.31503392,TVT,DOGE,2019-05-20,,0.0,,
2019-05-20 11:11:24,TVT/DOGE,SELL,2.946e-05,375848.032564,11.07248303,TVT,DOGE,2019-05-20,,0.0,,
2019-05-20 11:11:21,TVT/DOGE,SELL,2.946e-05,375848.032564,11.07248303,TVT,DOGE,2019-05-20,,0.0,,
2019-05-20 11:11:13,TVT/DOGE,SELL,2.948e-05,104155.41420591,3.07050161,TVT,DOGE,2019-05-20,,0.0,,
2019-05-20 11:10:48,TVT/DOGE,SELL,2.948e-05,262796.55786035,7.74724252,TVT,DOGE,2019-05-20,,0.0,,
2019-05-20 11:10:37,TVT/DOGE,SELL,2.948e-05,102139.34203774,3.0110678,TVT,DOGE,2019-05-20,,0.0,,
2019-05-20 11:10:20,TVT/DOGE,SELL,2.948e-05,22890.16428834,0.67480204,TVT,DOGE,2019-05-20,,0.0,,
2019-05-20 11:09:52,TVT/DOGE,BUY,2.812e-05,13266.4157616,0.37305161,TVT,DOGE,2019-05-20,,0.0,,
2019-05-20 11:09:49,TVT/DOGE,BUY,2.812e-05,388374.482759,10.92109045,TVT,DOGE,2019-05-20,,0.0,,
2019-05-20 11:09:46,TVT/DOGE,BUY,2.812e-05,389353.460569,10.94861931,TVT,DOGE,2019-05-20,,0.0,,
2019-05-20 11:09:44,TVT/DOGE,BUY,2.812e-05,389353.460569,10.94861931,TVT,DOGE,2019-05-20,,0.0,,
2019-05-20 11:09:41,TVT/DOGE,BUY,2.812e-05,389353.460569,10.94861931,TVT,DOGE,2019-05-20,,0.0,,
2019-05-20 11:09:36,TVT/DOGE,BUY,2.812e-05,430298.7197724,12.09999999,TVT,DOGE,2019-05-20,,0.0,,
2019-05-20 10:51:49,BTC/USD,BUY,7801.0,0.00598537,46.69187137,BTC,USD,2019-05-20,7935.15,0.0,3.0,-1.690579258111058
2019-05-20 09:05:14,EDRC/USD,BUY,0.17,43.90172269,7.46329285,EDRC,USD,2019-05-20,,0.0,,
2019-05-20 09:05:12,EDRC/USD,BUY,0.17,6.06772287,1.03151288,EDRC,USD,2019-05-20,,0.0,,
2019-05-20 09:04:48,EDRC/USD,BUY,0.17,6.06772287,1.03151288,EDRC,USD,2019-05-20,,0.0,,
2019-05-20 09:04:38,EDRC/USD,BUY,0.17,6.06772287,1.03151288,EDRC,USD,2019-05-20,,0.0,,
2019-05-20 08:30:04,EDRC/USD,BUY,0.17,26.13040281,4.44216847,EDRC,USD,2019-05-20,,0.0,,
2019-05-20 07:17:15,TVT/DOGE,SELL,2.794e-05,419215.09044589,11.71286962,TVT,DOGE,2019-05-20,,0.0,,
2019-05-20 07:17:11,TVT/DOGE,SELL,2.794e-05,354055.29018082,9.8923048,TVT,DOGE,2019-05-20,,0.0,,
2019-05-20 07:15:25,TVT/DOGE,SELL,2.794e-05,396564.065855,11.07999999,TVT,DOGE,2019-05-20,,0.0,,
2019-05-20 06:18:24,DOGE/BTC,BUY,3.8e-07,4324.82140981,0.00164343,DOGE,BTC,2019-05-20,0.00296655,0.0,2.0,-99.98719050749186
2019-05-20 00:57:37,TVT/DOGE,SELL,2.791e-05,313274.42590661,8.74348922,TVT,DOGE,2019-05-20,,0.0,,
2019-05-20 00:57:33,TVT/DOGE,SELL,2.791e-05,21319.48526089,0.59502683,TVT,DOGE,2019-05-20,,0.0,,
2019-05-20 00:56:06,TVT/DOGE,SELL,2.791e-05,396990.326048,11.07999999,TVT,DOGE,2019-05-20,,0.0,,
2019-05-20 00:55:58,TVT/DOGE,SELL,2.791e-05,78006.3243275,2.17715651,TVT,DOGE,2019-05-20,,0.0,,
2019-05-20 00:36:36,TVT/DOGE,SELL,2.786e-05,397560.100466,11.07602439,TVT,DOGE,2019-05-20,,0.0,,
2019-05-20 00:34:34,TVT/DOGE,SELL,2.788e-05,397417.503587,11.08,TVT,DOGE,2019-05-20,,0.0,,
2019-05-20 00:26:08,TVT/DOGE,SELL,2.801e-05,395431.834404,11.07604568,TVT,DOGE,2019-05-20,,0.0,,
2019-05-20 00:25:47,TVT/DOGE,BUY,2.771e-05,21607.8920884,0.59875468,TVT,DOGE,2019-05-20,,0.0,,
2019-05-20 00:25:45,TVT/DOGE,BUY,2.771e-05,391184.7178,10.83972853,TVT,DOGE,2019-05-20,,0.0,,
2019-05-20 00:25:40,TVT/DOGE,BUY,2.771e-05,391184.7178,10.83972853,TVT,DOGE,2019-05-20,,0.0,,
2019-05-20 00:25:36,TVT/DOGE,BUY,2.771e-05,391184.7178,10.83972853,TVT,DOGE,2019-05-20,,0.0,,
2019-05-20 00:25:34,TVT/DOGE,BUY,2.771e-05,391184.7178,10.83972853,TVT,DOGE,2019-05-20,,0.0,,
2019-05-20 00:25:32,TVT/DOGE,BUY,2.771e-05,391184.7178,10.83972853,TVT,DOGE,2019-05-20,,0.0,,
2019-05-20 00:24:24,TVT/DOGE,BUY,2.771e-05,22468.5189116,0.62260265,TVT,DOGE,2019-05-20,,0.0,,
2019-05-20 00:21:25,TVT/DOGE,SELL,2.812e-05,20625.88904702,0.58,TVT,DOGE,2019-05-20,,0.0,,
2019-05-19 23:23:57,TVT/DOGE,SELL,2.828e-05,16221.58289878,0.45874636,TVT,DOGE,2019-05-19,,0.0,,
2019-05-19 23:19:45,TVT/DOGE,BUY,2.799e-05,387123.007519,10.83557298,TVT,DOGE,2019-05-19,,0.0,,
2019-05-19 23:19:44,TVT/DOGE,BUY,2.799e-05,432297.24901751,12.1,TVT,DOGE,2019-05-19,,0.0,,
2019-05-19 23:19:42,TVT/DOGE,BUY,2.799e-05,387261.661891,10.83945391,TVT,DOGE,2019-05-19,,0.0,,
2019-05-19 23:19:04,TVT/DOGE,SELL,2.812e-05,1000000.0,28.12,TVT,DOGE,2019-05-19,,0.0,,
2019-05-19 23:03:22,TVT/DOGE,BUY,2.795e-05,194976.78016631,5.449601,TVT,DOGE,2019-05-19,,0.0,,
2019-05-19 23:01:43,TVT/DOGE,BUY,2.795e-05,29666.77666369,0.8291864,TVT,DOGE,2019-05-19,,0.0,,
2019-05-19 23:01:40,TVT/DOGE,BUY,2.795e-05,387678.221585,10.83560629,TVT,DOGE,2019-05-19,,0.0,,
2019-05-19 23:01:37,TVT/DOGE,BUY,2.795e-05,387678.221585,10.83560629,TVT,DOGE,2019-05-19,,0.0,,
2019-05-19 22:48:51,TVT/DOGE,SELL,2.798e-05,823715.90365965,23.04757098,TVT,DOGE,2019-05-19,,0.0,,
2019-05-19 21:44:16,TVT/DOGE,BUY,2.783e-05,388933.294964,10.82401359,TVT,DOGE,2019-05-19,,0.0,,
2019-05-19 21:44:12,TVT/DOGE,BUY,2.783e-05,434782.60869565,12.09999999,TVT,DOGE,2019-05-19,,0.0,,
2019-05-19 20:19:43,TVT/DOGE,SELL,2.801e-05,429693.23817259,12.0357076,TVT,DOGE,2019-05-19,,0.0,,
2019-05-19 19:41:48,TVT/DOGE,SELL,2.801e-05,70306.76182741,1.96929239,TVT,DOGE,2019-05-19,,0.0,,
2019-05-19 19:40:27,TVT/DOGE,BUY,2.781e-05,110786.695464,3.080978,TVT,DOGE,2019-05-19,,0.0,,
2019-05-19 19:40:16,TVT/DOGE,BUY,2.781e-05,389213.304536,10.82402199,TVT,DOGE,2019-05-19,,0.0,,
2019-05-19 19:38:54,BTC/USD,SELL,7969.919999,0.00273263,21.77884248,BTC,USD,2019-05-19,8157.2,0.0,3.0,-2.2958858554405936
2019-05-19 19:01:04,TVT/DOGE,SELL,2.818e-05,351169.03734167,9.89594347,TVT,DOGE,2019-05-19,,0.0,,
2019-05-19 19:01:02,TVT/DOGE,SELL,2.818e-05,81282.71390922,2.29054687,TVT,DOGE,2019-05-19,,0.0,,
2019-05-19 18:57:37,TVT/DOGE,BUY,2.798e-05,432451.75125089,12.09999999,TVT,DOGE,2019-05-19,,0.0,,
2019-05-19 18:55:23,TVT/DOGE,SELL,2.807e-05,26643.709598,0.74788892,TVT,DOGE,2019-05-19,,0.0,,
2019-05-19 18:55:20,TVT/DOGE,SELL,2.807e-05,394446.422214,11.07211107,TVT,DOGE,2019-05-19,,0.0,,
2019-05-19 18:55:09,TVT/DOGE,SELL,2.807e-05,394727.467047,11.08,TVT,DOGE,2019-05-19,,0.0,,
2019-05-19 18:55:07,TVT/DOGE,SELL,2.807e-05,394727.467047,11.08,TVT,DOGE,2019-05-19,,0.0,,
2019-05-19 18:55:05,TVT/DOGE,SELL,2.807e-05,394727.467047,11.08,TVT,DOGE,2019-05-19,,0.0,,
2019-05-19 18:55:02,TVT/DOGE,SELL,2.807e-05,394727.467047,11.08,TVT,DOGE,2019-05-19,,0.0,,
2019-05-19 18:45:43,TVT/DOGE,BUY,2.788e-05,291524.55129874,8.12770449,TVT,DOGE,2019-05-19,,0.0,,
2019-05-19 18:45:40,TVT/DOGE,BUY,2.788e-05,388514.035214,10.8317713,TVT,DOGE,2019-05-19,,0.0,,
2019-05-19 18:45:37,TVT/DOGE,BUY,2.788e-05,388514.035214,10.8317713,TVT,DOGE,2019-05-19,,0.0,,
2019-05-19 18:45:34,TVT/DOGE,BUY,2.788e-05,29604.03162849,0.8253604,TVT,DOGE,2019-05-19,,0.0,,
2019-05-19 18:45:31,TVT/DOGE,BUY,2.788e-05,388514.035214,10.8317713,TVT,DOGE,2019-05-19,,0.0,,
2019-05-19 18:45:28,TVT/DOGE,BUY,2.788e-05,388514.035214,10.8317713,TVT,DOGE,2019-05-19,,0.0,,
2019-05-19 18:44:05,TVT/DOGE,BUY,2.788e-05,124815.27621677,3.4798499,TVT,DOGE,2019-05-19,,0.0,,
2019-05-19 17:14:05,BTC/USD,BUY,7890.0002,0.00273263,21.56045124,BTC,USD,2019-05-19,8157.2,0.0,3.0,-3.2756313440886475
2019-05-19 14:02:20,BTG/BTC,SELL,0.00082493,2.00018881,0.00165001,BTG,BTC,2019-05-19,,0.0,,
2019-05-19 13:59:31,BTG/USD,BUY,7.1,0.00266454,0.01891823,BTG,USD,2019-05-19,,0.0,,
2019-05-19 13:59:20,BTG/USD,BUY,7.1,1.3225604,9.39017884,BTG,USD,2019-05-19,,0.0,,
2019-05-19 13:59:19,BTG/USD,BUY,7.1,0.67477506,4.79090292,BTG,USD,2019-05-19,,0.0,,
2019-05-19 13:28:36,TVT/DOGE,SELL,2.768e-05,1000000.0,27.68,TVT,DOGE,2019-05-19,,0.0,,
2019-05-19 13:20:33,TVT/DOGE,SELL,2.757e-05,228428.47434099,6.29777303,TVT,DOGE,2019-05-19,,0.0,,
2019-05-19 13:19:49,TVT/DOGE,SELL,2.757e-05,401886.108089,11.08,TVT,DOGE,2019-05-19,,0.0,,
2019-05-19 13:19:47,TVT/DOGE,SELL,2.757e-05,369685.41757001,10.19222696,TVT,DOGE,2019-05-19,,0.0,,
2019-05-19 11:40:25,TVT/DOGE,BUY,2.751e-05,73625.62243172,2.02544087,TVT,DOGE,2019-05-19,,0.0,,
2019-05-19 11:40:25,TVT/DOGE,BUY,2.751e-05,393892.371585,10.83597914,TVT,DOGE,2019-05-19,,0.0,,
2019-05-19 11:40:22,TVT/DOGE,BUY,2.751e-05,6478.16344046,0.17821427,TVT,DOGE,2019-05-19,,0.0,,
2019-05-19 11:40:19,TVT/DOGE,BUY,2.751e-05,393748.929352,10.83203304,TVT,DOGE,2019-05-19,,0.0,,
2019-05-19 11:40:16,TVT/DOGE,BUY,2.751e-05,392808.22827702,10.80615435,TVT,DOGE,2019-05-19,,0.0,,
2019-05-19 11:39:37,TVT/DOGE,BUY,2.751e-05,387930.56304012,10.67196978,TVT,DOGE,2019-05-19,,0.0,,
2019-05-19 11:39:25,TVT/DOGE,BUY,2.751e-05,154453.70822503,4.24902151,TVT,DOGE,2019-05-19,,0.0,,
2019-05-19 11:39:18,TVT/DOGE,BUY,2.751e-05,197062.41364865,5.42118699,TVT,DOGE,2019-05-19,,0.0,,
2019-05-19 11:34:14,TVT/DOGE,SELL,2.795e-05,53658.45314161,1.49975376,TVT,DOGE,2019-05-19,,0.0,,
2019-05-19 11:34:14,TVT/DOGE,SELL,2.797e-05,585290.30807296,16.37056991,TVT,DOGE,2019-05-19,,0.0,,
2019-05-19 11:34:14,TVT/DOGE,SELL,2.796e-05,500000.0,13.98,TVT,DOGE,2019-05-19,,0.0,,
2019-05-19 11:26:10,TVT/DOGE,SELL,2.794e-05,5850.81447483,0.16347175,TVT,DOGE,2019-05-19,,0.0,,
2019-05-19 11:26:10,TVT/DOGE,SELL,2.795e-05,346341.54685839,9.68024623,TVT,DOGE,2019-05-19,,0.0,,
2019-05-19 11:25:55,TVT/DOGE,SELL,2.794e-05,394149.18552517,11.01252824,TVT,DOGE,2019-05-19,,0.0,,
2019-05-19 10:48:53,TVT/DOGE,SELL,2.795e-05,114709.69192704,3.20613588,TVT,DOGE,2019-05-19,,0.0,,
2019-05-19 10:43:54,TVT/DOGE,BUY,2.734e-05,10015.52525801,0.27382446,TVT,DOGE,2019-05-19,,0.0,,
2019-05-19 10:42:42,TVT/DOGE,BUY,2.734e-05,396637.769626,10.84407662,TVT,DOGE,2019-05-19,,0.0,,
2019-05-19 10:42:40,TVT/DOGE,BUY,2.734e-05,396637.769626,10.84407662,TVT,DOGE,2019-05-19,,0.0,,
2019-05-19 10:42:37,TVT/DOGE,BUY,2.734e-05,396637.769626,10.84407662,TVT,DOGE,2019-05-19,,0.0,,
2019-05-19 10:42:32,TVT/DOGE,BUY,2.734e-05,396637.769626,10.84407662,TVT,DOGE,2019-05-19,,0.0,,
2019-05-19 10:42:26,TVT/DOGE,BUY,2.734e-05,396783.324771,10.84805609,TVT,DOGE,2019-05-19,,0.0,,
2019-05-19 10:42:23,TVT/DOGE,BUY,2.734e-05,6650.07146699,0.18181295,TVT,DOGE,2019-05-19,,0.0,,
2019-05-19 07:50:21,USDT/USD,BUY,0.98900001,15.16683503,14.99999999,USDT,USD,2019-05-19,,0.0,,
2019-05-19 05:10:31,TVT/DOGE,SELL,2.81e-05,211387.900356,5.94,TVT,DOGE,2019-05-19,,0.0,,
2019-05-19 05:10:29,TVT/DOGE,SELL,2.81e-05,394306.049822,11.07999999,TVT,DOGE,2019-05-19,,0.0,,
2019-05-19 05:10:27,TVT/DOGE,SELL,2.81e-05,394306.049822,11.07999999,TVT,DOGE,2019-05-19,,0.0,,
2019-05-19 01:46:38,TVT/DOGE,BUY,2.767e-05,63364.00494578,1.75328201,TVT,DOGE,2019-05-19,,0.0,,
2019-05-19 01:46:35,TVT/DOGE,BUY,2.767e-05,391467.979725,10.83191899,TVT,DOGE,2019-05-19,,0.0,,
2019-05-19 01:46:31,TVT/DOGE,BUY,2.767e-05,391467.979725,10.83191899,TVT,DOGE,2019-05-19,,0.0,,
2019-05-19 01:46:29,TVT/DOGE,BUY,2.767e-05,153700.03560422,4.25287998,TVT,DOGE,2019-05-19,,0.0,,
2019-05-19 01:08:16,TVT/DOGE,SELL,2.809e-05,1099950.7686756,30.89761709,TVT,DOGE,2019-05-19,,0.0,,
2019-05-19 00:53:41,TVT/DOGE,SELL,2.81e-05,187848.76469493,5.27855028,TVT,DOGE,2019-05-19,,0.0,,
2019-05-19 00:53:20,TVT/DOGE,SELL,2.81e-05,450610.68836713,12.66216034,TVT,DOGE,2019-05-19,,0.0,,
2019-05-19 00:53:09,TVT/DOGE,SELL,2.812e-05,394025.604552,11.08,TVT,DOGE,2019-05-19,,0.0,,
2019-05-19 00:52:57,TVT/DOGE,BUY,2.739e-05,184055.30697009,5.04127485,TVT,DOGE,2019-05-19,,0.0,,
2019-05-19 00:52:19,TVT/DOGE,BUY,2.739e-05,395621.866081,10.83608291,TVT,DOGE,2019-05-19,,0.0,,
2019-05-19 00:52:18,TVT/DOGE,BUY,2.739e-05,420322.82694891,11.51264223,TVT,DOGE,2019-05-19,,0.0,,
2019-05-19 00:51:52,TVT/DOGE,SELL,2.77e-05,211948.790896,5.8709815,TVT,DOGE,2019-05-19,,0.0,,
2019-05-19 00:51:49,TVT/DOGE,SELL,2.77e-05,394025.604552,10.91450924,TVT,DOGE,2019-05-19,,0.0,,
2019-05-19 00:51:46,TVT/DOGE,SELL,2.77e-05,394025.604552,10.91450924,TVT,DOGE,2019-05-19,,0.0,,
2019-05-19 00:51:35,TVT/DOGE,BUY,2.739e-05,155218.41034084,4.25143225,TVT,DOGE,2019-05-19,,0.0,,
2019-05-19 00:51:32,TVT/DOGE,BUY,2.739e-05,441767.06827309,12.09999999,TVT,DOGE,2019-05-19,,0.0,,
2019-05-19 00:51:30,TVT/DOGE,BUY,2.739e-05,395911.592823,10.84401852,TVT,DOGE,2019-05-19,,0.0,,
2019-05-19 00:51:26,TVT/DOGE,BUY,2.739e-05,7102.92856307,0.19454921,TVT,DOGE,2019-05-19,,0.0,,
2019-05-19 00:50:50,TVT/DOGE,SELL,2.77e-05,380776.87246793,10.54751936,TVT,DOGE,2019-05-19,,0.0,,
2019-05-19 00:50:48,TVT/DOGE,SELL,2.77e-05,400000.0,11.08,TVT,DOGE,2019-05-19,,0.0,,
2019-05-19 00:50:46,TVT/DOGE,SELL,2.77e-05,11191.33574007,0.30999999,TVT,DOGE,2019-05-19,,0.0,,
2019-05-19 00:49:37,TVT/DOGE,BUY,2.737e-05,395911.592823,10.83610029,TVT,DOGE,2019-05-19,,0.0,,
2019-05-19 00:49:34,TVT/DOGE,BUY,2.737e-05,396056.615385,10.84006956,TVT,DOGE,2019-05-19,,0.0,,
2019-05-19 00:41:22,TVT/DOGE,SELL,2.82e-05,26494.91183659,0.74715651,TVT,DOGE,2019-05-19,,0.0,,
2019-05-19 00:41:18,TVT/DOGE,SELL,2.82e-05,392768.521801,11.07607231,TVT,DOGE,2019-05-19,,0.0,,
2019-05-19 00:41:16,TVT/DOGE,SELL,2.82e-05,392768.521801,11.07607231,TVT,DOGE,2019-05-19,,0.0,,
2019-05-19 00:41:15,TVT/DOGE,SELL,2.82e-05,55532.21827175,1.56600855,TVT,DOGE,2019-05-19,,0.0,,
2019-05-19 00:38:08,TVT/DOGE,BUY,2.734e-05,286619.26672963,7.83617075,TVT,DOGE,2019-05-19,,0.0,,
2019-05-19 00:38:05,TVT/DOGE,BUY,2.734e-05,396637.769626,10.84407662,TVT,DOGE,2019-05-19,,0.0,,
2019-05-19 00:38:01,TVT/DOGE,BUY,2.734e-05,396201.744229,10.83215568,TVT,DOGE,2019-05-19,,0.0,,
2019-05-19 00:37:58,TVT/DOGE,BUY,2.734e-05,79868.09337359,2.18359367,TVT,DOGE,2019-05-19,,0.0,,
2019-05-19 00:35:55,TVT/DOGE,BUY,2.734e-05,398098.14433,10.88400326,TVT,DOGE,2019-05-19,,0.0,,
2019-05-19 00:35:44,TVT/DOGE,BUY,2.734e-05,442574.98171178,12.1,TVT,DOGE,2019-05-19,,0.0,,
2019-05-19 00:34:57,TVT/DOGE,SELL,2.82e-05,2393781.94744595,67.50465091,TVT,DOGE,2019-05-19,,0.0,,
2019-05-19 00:34:57,TVT/DOGE,SELL,2.816e-05,606218.05255405,17.07110035,TVT,DOGE,2019-05-19,,0.0,,
2019-05-19 00:32:36,TVT/DOGE,BUY,2.743e-05,209725.73132205,5.75277681,TVT,DOGE,2019-05-19,,0.0,,
2019-05-19 00:31:50,TVT/DOGE,BUY,2.743e-05,396492.321232,10.87578437,TVT,DOGE,2019-05-19,,0.0,,
2019-05-19 00:31:47,TVT/DOGE,BUY,2.743e-05,396492.321232,10.87578437,TVT,DOGE,2019-05-19,,0.0,,
2019-05-19 00:31:44,TVT/DOGE,BUY,2.743e-05,396492.321232,10.87578437,TVT,DOGE,2019-05-19,,0.0,,
2019-05-19 00:31:41,TVT/DOGE,BUY,2.743e-05,396346.979472,10.87179764,TVT,DOGE,2019-05-19,,0.0,,
2019-05-19 00:31:39,TVT/DOGE,BUY,2.743e-05,14973.04179495,0.41071053,TVT,DOGE,2019-05-19,,0.0,,
2019-05-19 00:31:35,TVT/DOGE,BUY,2.743e-05,396346.979472,10.87179764,TVT,DOGE,2019-05-19,,0.0,,
2019-05-19 00:31:31,TVT/DOGE,BUY,2.743e-05,396346.979472,10.87179764,TVT,DOGE,2019-05-19,,0.0,,
2019-05-19 00:31:27,TVT/DOGE,BUY,2.743e-05,396783.324771,10.88376659,TVT,DOGE,2019-05-19,,0.0,,
2019-05-19 00:29:26,TVT/DOGE,SELL,2.82e-05,332365.8404119,9.37271669,TVT,DOGE,2019-05-19,,0.0,,
2019-05-19 00:29:23,TVT/DOGE,SELL,2.82e-05,392907.801418,11.07999999,TVT,DOGE,2019-05-19,,0.0,,
2019-05-19 00:29:20,TVT/DOGE,SELL,2.82e-05,392907.801418,11.07999999,TVT,DOGE,2019-05-19,,0.0,,
2019-05-19 00:29:18,TVT/DOGE,SELL,2.82e-05,392907.801418,11.07999999,TVT,DOGE,2019-05-19,,0.0,,
2019-05-19 00:29:16,TVT/DOGE,SELL,2.82e-05,47787.89714963,1.34761869,TVT,DOGE,2019-05-19,,0.0,,
2019-05-19 00:27:31,TVT/DOGE,BUY,2.743e-05,1558877.14181553,42.75999999,TVT,DOGE,2019-05-19,,0.0,,
2019-05-19 00:27:04,TVT/DOGE,SELL,2.83e-05,50431.74393947,1.42721835,TVT,DOGE,2019-05-19,,0.0,,
2019-05-19 00:26:59,TVT/DOGE,SELL,2.83e-05,390691.114245,11.05655853,TVT,DOGE,2019-05-19,,0.0,,
2019-05-19 00:26:16,TVT/DOGE,BUY,2.743e-05,441122.85818447,12.1,TVT,DOGE,2019-05-19,,0.0,,
2019-05-19 00:22:51,TVT/DOGE,SELL,2.798e-05,208853.073165,5.84370898,TVT,DOGE,2019-05-19,,0.0,,
2019-05-19 00:22:44,TVT/DOGE,SELL,2.798e-05,395997.140815,11.08,TVT,DOGE,2019-05-19,,0.0,,
2019-05-19 00:22:42,TVT/DOGE,SELL,2.798e-05,395149.78602,11.05629101,TVT,DOGE,2019-05-19,,0.0,,
2019-05-19 00:22:06,TVT/DOGE,SELL,2.79e-05,101677.04330078,2.8367895,TVT,DOGE,2019-05-19,,0.0,,
2019-05-19 00:22:03,TVT/DOGE,SELL,2.79e-05,106894.38527122,2.98235334,TVT,DOGE,2019-05-19,,0.0,,
2019-05-19 00:22:02,TVT/DOGE,BUY,2.734e-05,206724.460748,5.65184675,TVT,DOGE,2019-05-19,,0.0,,
2019-05-19 00:21:57,TVT/DOGE,BUY,2.734e-05,396637.769626,10.84407662,TVT,DOGE,2019-05-19,,0.0,,
2019-05-19 00:21:54,TVT/DOGE,BUY,2.734e-05,396637.769626,10.84407662,TVT,DOGE,2019-05-19,,0.0,,
2019-05-19 00:20:50,TVT/DOGE,SELL,2.79e-05,395714.285714,11.04042857,TVT,DOGE,2019-05-19,,0.0,,
2019-05-19 00:20:43,TVT/DOGE,SELL,2.79e-05,395714.285714,11.04042857,TVT,DOGE,2019-05-19,,0.0,,
2019-05-19 00:19:17,TVT/DOGE,SELL,2.774e-05,201441.441442,5.58798558,TVT,DOGE,2019-05-19,,0.0,,
2019-05-19 00:18:29,TVT/DOGE,SELL,2.774e-05,399279.279279,11.0760072,TVT,DOGE,2019-05-19,,0.0,,
2019-05-19 00:18:24,TVT/DOGE,SELL,2.774e-05,399279.279279,11.0760072,TVT,DOGE,2019-05-19,,0.0,,
2019-05-19 00:17:57,TVT/DOGE,BUY,2.733e-05,315181.92660527,8.61392205,TVT,DOGE,2019-05-19,,0.0,,
2019-05-19 00:17:54,TVT/DOGE,BUY,2.733e-05,396783.324771,10.84408826,TVT,DOGE,2019-05-19,,0.0,,
2019-05-19 00:17:51,TVT/DOGE,BUY,2.733e-05,288034.74862373,7.87198967,TVT,DOGE,2019-05-19,,0.0,,
2019-05-19 00:13:07,TVT/DOGE,BUY,2.76e-05,3594.79548986,0.09921635,TVT,DOGE,2019-05-19,,0.0,,
2019-05-19 00:13:04,TVT/DOGE,BUY,2.76e-05,330403.9628852,9.11914937,TVT,DOGE,2019-05-19,,0.0,,
2019-05-19 00:12:55,TVT/DOGE,BUY,2.76e-05,392890.465116,10.84377683,TVT,DOGE,2019-05-19,,0.0,,
2019-05-19 00:12:53,TVT/DOGE,BUY,2.76e-05,261538.15998549,7.21845321,TVT,DOGE,2019-05-19,,0.0,,
2019-05-19 00:12:24,TVT/DOGE,BUY,2.76e-05,11572.61652345,0.31940421,TVT,DOGE,2019-05-19,,0.0,,
2019-05-19 00:11:20,TVT/DOGE,SELL,2.837e-05,10687.198172,0.30319581,TVT,DOGE,2019-05-19,,0.0,,
2019-05-19 00:11:15,TVT/DOGE,SELL,2.837e-05,390278.266995,11.07219443,TVT,DOGE,2019-05-19,,0.0,,
2019-05-19 00:11:13,TVT/DOGE,SELL,2.837e-05,390278.266995,11.07219443,TVT,DOGE,2019-05-19,,0.0,,
2019-05-19 00:09:36,TVT/DOGE,BUY,2.754e-05,395621.866081,10.89542619,TVT,DOGE,2019-05-19,,0.0,,
2019-05-19 00:09:34,TVT/DOGE,BUY,2.754e-05,395621.866081,10.89542619,TVT,DOGE,2019-05-19,,0.0,,
2019-05-18 23:59:24,TVT/DOGE,SELL,2.799e-05,1165185.42010628,32.6135399,TVT,DOGE,2019-05-18,,0.0,,
2019-05-18 23:58:20,TVT/DOGE,BUY,2.762e-05,98177.51357337,2.71166292,TVT,DOGE,2019-05-18,,0.0,,
2019-05-18 23:58:17,TVT/DOGE,BUY,2.762e-05,67007.90653291,1.85075837,TVT,DOGE,2019-05-18,,0.0,,
2019-05-18 23:56:11,TVT/DOGE,BUY,2.777e-05,173940.6115574,4.83033078,TVT,DOGE,2019-05-18,,0.0,,
2019-05-18 23:56:09,TVT/DOGE,BUY,2.777e-05,390337.386282,10.83966921,TVT,DOGE,2019-05-18,,0.0,,
2019-05-18 23:55:50,TVT/DOGE,BUY,2.777e-05,435722.0021606,12.09999999,TVT,DOGE,2019-05-18,,0.0,,
2019-05-18 23:53:35,TVT/DOGE,SELL,2.834e-05,834814.57989372,23.65864519,TVT,DOGE,2019-05-18,,0.0,,
2019-05-18 23:53:07,TVT/DOGE,BUY,2.762e-05,393033.282443,10.85557926,TVT,DOGE,2019-05-18,,0.0,,
2019-05-18 23:53:03,TVT/DOGE,BUY,2.762e-05,393033.282443,10.85557926,TVT,DOGE,2019-05-18,,0.0,,
2019-05-18 23:52:59,TVT/DOGE,BUY,2.762e-05,48748.01500772,1.34642017,TVT,DOGE,2019-05-18,,0.0,,
2019-05-18 23:51:22,TVT/DOGE,SELL,2.772e-05,1269446.52013225,35.18905753,TVT,DOGE,2019-05-18,,0.0,,
2019-05-18 23:48:43,TVT/DOGE,SELL,2.772e-05,348539.69232622,9.66152027,TVT,DOGE,2019-05-18,,0.0,,
2019-05-18 23:48:21,TVT/DOGE,SELL,2.772e-05,382013.78754153,10.58942219,TVT,DOGE,2019-05-18,,0.0,,
2019-05-18 23:33:09,TVT/DOGE,BUY,2.749e-05,1211353.243028,33.30010065,TVT,DOGE,2019-05-18,,0.0,,
2019-05-18 23:29:37,TVT/DOGE,BUY,2.749e-05,394179.569814,10.83599637,TVT,DOGE,2019-05-18,,0.0,,
2019-05-18 23:29:17,TVT/DOGE,BUY,2.749e-05,394467.187158,10.84390297,TVT,DOGE,2019-05-18,,0.0,,
2019-05-18 22:48:54,BTC/USD,SELL,7359.998999,0.00271521,19.98394288,BTC,USD,2019-05-18,7258.4,0.0,3.0,1.3997437314008598
2019-05-18 22:42:33,BTC/USD,SELL,7359.998999,0.00013586,0.99992946,BTC,USD,2019-05-18,7258.4,0.0,3.0,1.3997437314008598
2019-05-18 21:27:23,TVT/DOGE,SELL,2.783e-05,203736.974488,5.67,TVT,DOGE,2019-05-18,,0.0,,
2019-05-18 21:27:21,TVT/DOGE,SELL,2.783e-05,398131.512756,11.07999999,TVT,DOGE,2019-05-18,,0.0,,
2019-05-18 21:21:47,TVT/DOGE,SELL,2.783e-05,398131.512756,11.07999999,TVT,DOGE,2019-05-18,,0.0,,
2019-05-18 21:21:17,TVT/DOGE,BUY,2.724e-05,157408.78300076,4.28781524,TVT,DOGE,2019-05-18,,0.0,,
2019-05-18 21:20:15,TVT/DOGE,BUY,2.724e-05,398391.510685,10.85218475,TVT,DOGE,2019-05-18,,0.0,,
2019-05-18 21:20:11,TVT/DOGE,BUY,2.724e-05,444199.70631424,12.09999999,TVT,DOGE,2019-05-18,,0.0,,
2019-05-18 20:57:31,TVT/DOGE,SELL,2.777e-05,3685821.86976207,102.35527332,TVT,DOGE,2019-05-18,,0.0,,
2019-05-18 20:47:33,TVT/DOGE,SELL,2.74e-05,403937.294933,11.06788188,TVT,DOGE,2019-05-18,,0.0,,
2019-05-18 20:47:25,TVT/DOGE,SELL,2.74e-05,330104.5783288,9.04486544,TVT,DOGE,2019-05-18,,0.0,,
2019-05-18 20:45:18,TVT/DOGE,BUY,2.683e-05,182091.87527531,4.88552501,TVT,DOGE,2019-05-18,,0.0,,
2019-05-18 20:43:59,TVT/DOGE,BUY,2.683e-05,404048.789238,10.84062901,TVT,DOGE,2019-05-18,,0.0,,
2019-05-18 20:43:51,TVT/DOGE,BUY,2.683e-05,404048.789238,10.84062901,TVT,DOGE,2019-05-18,,0.0,,
2019-05-18 20:29:00,TVT/DOGE,BUY,2.72e-05,3030252.58258656,82.42287024,TVT,DOGE,2019-05-18,,0.0,,
2019-05-18 20:27:56,TVT/DOGE,SELL,2.784e-05,115344.87559813,3.21120133,TVT,DOGE,2019-05-18,,0.0,,
2019-05-18 20:27:54,TVT/DOGE,BUY,2.72e-05,399421.706686,10.86427042,TVT,DOGE,2019-05-18,,0.0,,
2019-05-18 20:27:51,TVT/DOGE,SELL,2.784e-05,454980.83512931,12.66666644,TVT,DOGE,2019-05-18,,0.0,,
2019-05-18 20:27:03,TVT/DOGE,BUY,2.72e-05,570325.71072744,15.51285933,TVT,DOGE,2019-05-18,,0.0,,
2019-05-18 20:24:15,TVT/DOGE,SELL,2.746e-05,72385.49176439,1.9877056,TVT,DOGE,2019-05-18,,0.0,,
2019-05-18 20:23:49,TVT/DOGE,SELL,2.746e-05,5060.50605061,0.13896149,TVT,DOGE,2019-05-18,,0.0,,
2019-05-18 20:21:39,TVT/DOGE,SELL,2.746e-05,461277.0010925,12.66666645,TVT,DOGE,2019-05-18,,0.0,,
2019-05-18 20:21:36,TVT/DOGE,SELL,2.746e-05,461277.0010925,12.66666645,TVT,DOGE,2019-05-18,,0.0,,
2019-05-18 20:20:45,TVT/DOGE,BUY,2.681e-05,143870.71558473,3.85717388,TVT,DOGE,2019-05-18,,0.0,,
2019-05-18 20:20:43,TVT/DOGE,BUY,2.681e-05,451324.13278627,12.09999999,TVT,DOGE,2019-05-18,,0.0,,
2019-05-18 20:20:40,TVT/DOGE,BUY,2.681e-05,404805.151629,10.85282611,TVT,DOGE,2019-05-18,,0.0,,
2019-05-18 20:17:03,TVT/DOGE,SELL,2.777e-05,9593692.702604,266.41684635,TVT,DOGE,2019-05-18,,0.0,,
2019-05-18 19:09:32,TVT/DOGE,SELL,2.726e-05,406307.297396,11.07593692,TVT,DOGE,2019-05-18,,0.0,,
2019-05-18 19:03:36,TVT/DOGE,BUY,2.697e-05,10000000.0,269.7,TVT,DOGE,2019-05-18,,0.0,,
2019-05-18 15:29:47,TVT/DOGE,SELL,2.778e-05,1000000.0,27.78,TVT,DOGE,2019-05-18,,0.0,,
2019-05-18 13:07:14,TVT/DOGE,BUY,2.762e-05,169021.19310268,4.66836535,TVT,DOGE,2019-05-18,,0.0,,
2019-05-18 13:07:11,TVT/DOGE,BUY,2.762e-05,438088.34178132,12.1,TVT,DOGE,2019-05-18,,0.0,,
2019-05-18 13:07:10,TVT/DOGE,BUY,2.762e-05,392890.465116,10.85163464,TVT,DOGE,2019-05-18,,0.0,,
2019-05-18 12:59:33,TVT/DOGE,SELL,2.84e-05,96871.90578519,2.75116212,TVT,DOGE,2019-05-18,,0.0,,
2019-05-18 12:59:31,TVT/DOGE,SELL,2.84e-05,338223.38367903,9.60554409,TVT,DOGE,2019-05-18,,0.0,,
2019-05-18 12:56:28,TVT/DOGE,BUY,2.781e-05,435095.28946422,12.09999999,TVT,DOGE,2019-05-18,,0.0,,
2019-05-18 00:34:20,TVT/DOGE,SELL,2.849e-05,677685.55049157,19.30726133,TVT,DOGE,2019-05-18,,0.0,,
2019-05-18 00:28:25,TVT/DOGE,SELL,2.861e-05,387277.175813,11.08,TVT,DOGE,2019-05-18,,0.0,,
2019-05-18 00:28:06,TVT/DOGE,BUY,2.826e-05,108770.91095972,3.07386594,TVT,DOGE,2019-05-18,,0.0,,
2019-05-18 00:28:00,TVT/DOGE,BUY,2.826e-05,383552.522171,10.83919427,TVT,DOGE,2019-05-18,,0.0,,
2019-05-18 00:27:54,TVT/DOGE,BUY,2.826e-05,415.98167202,0.01175564,TVT,DOGE,2019-05-18,,0.0,,
2019-05-18 00:27:51,TVT/DOGE,BUY,2.826e-05,383824.834931,10.84688983,TVT,DOGE,2019-05-18,,0.0,,
2019-05-18 00:27:48,TVT/DOGE,BUY,2.826e-05,188398.47657083,5.32414094,TVT,DOGE,2019-05-18,,0.0,,
2019-05-17 22:12:15,TVT/DOGE,SELL,2.809e-05,87241.47587517,2.45061305,TVT,DOGE,2019-05-17,,0.0,,
2019-05-17 22:12:13,TVT/DOGE,SELL,2.809e-05,394446.422214,11.07999999,TVT,DOGE,2019-05-17,,0.0,,
2019-05-17 22:09:59,TVT/DOGE,BUY,2.512e-05,481687.89808917,12.09999999,TVT,DOGE,2019-05-17,,0.0,,
2019-05-17 21:56:32,TVT/DOGE,SELL,2.44e-05,1659062.62961425,40.48112816,TVT,DOGE,2019-05-17,,0.0,,
2019-05-17 21:56:22,TVT/DOGE,BUY,2.418e-05,309220.28982721,7.4769466,TVT,DOGE,2019-05-17,,0.0,,
2019-05-17 21:56:18,TVT/DOGE,BUY,2.418e-05,448087.260671,10.83474996,TVT,DOGE,2019-05-17,,0.0,,
2019-05-17 21:56:12,TVT/DOGE,BUY,2.418e-05,447716.173913,10.82577708,TVT,DOGE,2019-05-17,,0.0,,
2019-05-17 21:56:09,TVT/DOGE,BUY,2.418e-05,447716.173913,10.82577708,TVT,DOGE,2019-05-17,,0.0,,
2019-05-17 21:56:02,TVT/DOGE,BUY,2.418e-05,6322.73129005,0.15288364,TVT,DOGE,2019-05-17,,0.0,,
2019-05-17 21:49:34,TVT/DOGE,SELL,2.424e-05,2488593.94442139,60.32351721,TVT,DOGE,2019-05-17,,0.0,,
2019-05-17 21:43:00,TVT/DOGE,BUY,2.411e-05,244808.61311939,5.90233566,TVT,DOGE,2019-05-17,,0.0,,
2019-05-17 21:42:57,TVT/DOGE,BUY,2.411e-05,449204.221022,10.83031376,TVT,DOGE,2019-05-17,,0.0,,
2019-05-17 21:42:54,TVT/DOGE,BUY,2.411e-05,135518.48066574,3.26735056,TVT,DOGE,2019-05-17,,0.0,,
2019-05-17 21:42:54,TVT/DOGE,BUY,2.411e-05,313685.74035626,7.56296319,TVT,DOGE,2019-05-17,,0.0,,
2019-05-17 21:42:50,TVT/DOGE,BUY,2.411e-05,448458.963086,10.8123456,TVT,DOGE,2019-05-17,,0.0,,
2019-05-17 21:42:47,TVT/DOGE,BUY,2.411e-05,67386.61136487,1.6246912,TVT,DOGE,2019-05-17,,0.0,,
2019-05-17 21:42:47,TVT/DOGE,BUY,2.411e-05,381072.35172113,9.18765439,TVT,DOGE,2019-05-17,,0.0,,
2019-05-17 21:42:44,TVT/DOGE,BUY,2.411e-05,448458.963086,10.8123456,TVT,DOGE,2019-05-17,,0.0,,
2019-05-17 21:38:48,TVT/DOGE,SELL,2.427e-05,257015.04419753,6.23775512,TVT,DOGE,2019-05-17,,0.0,,
2019-05-17 21:38:44,TVT/DOGE,SELL,2.427e-05,456154.796212,11.0708769,TVT,DOGE,2019-05-17,,0.0,,
2019-05-17 21:38:43,TVT/DOGE,SELL,2.427e-05,521906.32262052,12.66666645,TVT,DOGE,2019-05-17,,0.0,,
2019-05-17 21:38:22,TVT/DOGE,BUY,2.41e-05,100076.35402318,2.41184013,TVT,DOGE,2019-05-17,,0.0,,
2019-05-17 21:38:19,TVT/DOGE,BUY,2.41e-05,449204.221022,10.82582172,TVT,DOGE,2019-05-17,,0.0,,
2019-05-17 21:38:16,TVT/DOGE,BUY,2.41e-05,449204.221022,10.82582172,TVT,DOGE,2019-05-17,,0.0,,
2019-05-17 21:38:10,TVT/DOGE,BUY,2.41e-05,183743.53136501,4.4282191,TVT,DOGE,2019-05-17,,0.0,,
2019-05-17 21:35:02,TVT/DOGE,BUY,2.41e-05,52847.83559786,1.27363283,TVT,DOGE,2019-05-17,,0.0,,
2019-05-16 21:42:18,TVT/DOGE,SELL,2.647e-05,280321.04291196,7.420098,TVT,DOGE,2019-05-16,,0.0,,
2019-05-16 21:41:47,TVT/DOGE,SELL,2.647e-05,80903.56553325,2.14151737,TVT,DOGE,2019-05-16,,0.0,,
2019-05-16 21:41:12,TVT/DOGE,SELL,2.647e-05,418271.045678,11.07163457,TVT,DOGE,2019-05-16,,0.0,,
2019-05-16 21:40:53,TVT/DOGE,BUY,2.623e-05,158706.24926779,4.16286491,TVT,DOGE,2019-05-16,,0.0,,
2019-05-16 21:40:51,TVT/DOGE,BUY,2.623e-05,413158.028277,10.83713508,TVT,DOGE,2019-05-16,,0.0,,
2019-05-16 21:38:04,TVT/DOGE,SELL,2.688e-05,931753.35566616,25.0455302,TVT,DOGE,2019-05-16,,0.0,,
2019-05-16 21:37:05,TVT/DOGE,BUY,2.636e-05,274327.28266713,7.23126717,TVT,DOGE,2019-05-16,,0.0,,
2019-05-16 21:37:03,TVT/DOGE,BUY,2.636e-05,411898.88,10.85765447,TVT,DOGE,2019-05-16,,0.0,,
2019-05-16 21:37:02,TVT/DOGE,BUY,2.636e-05,453158.56957745,11.94525989,TVT,DOGE,2019-05-16,,0.0,,
2019-05-16 21:29:56,TVT/DOGE,SELL,2.766e-05,49354.34612501,1.36514121,TVT,DOGE,2019-05-16,,0.0,,
2019-05-16 21:29:45,TVT/DOGE,SELL,2.766e-05,400578.452639,11.07999999,TVT,DOGE,2019-05-16,,0.0,,
2019-05-16 21:29:41,TVT/DOGE,SELL,2.766e-05,400578.452639,11.07999999,TVT,DOGE,2019-05-16,,0.0,,
2019-05-16 21:29:34,TVT/DOGE,SELL,2.766e-05,50507.40939234,1.39703494,TVT,DOGE,2019-05-16,,0.0,,
2019-05-16 21:26:44,TVT/DOGE,SELL,2.635e-05,420493.358634,11.08,TVT,DOGE,2019-05-16,,0.0,,
2019-05-16 21:26:44,TVT/DOGE,SELL,2.635e-05,480161.73047763,12.65226159,TVT,DOGE,2019-05-16,,0.0,,
2019-05-16 21:26:43,TVT/DOGE,SELL,2.635e-05,404898.39657506,10.66907274,TVT,DOGE,2019-05-16,,0.0,,
2019-05-16 21:24:50,TVT/DOGE,SELL,2.706e-05,409309.198375,11.0759069,TVT,DOGE,2019-05-16,,0.0,,
2019-05-16 21:22:59,TVT/DOGE,SELL,2.706e-05,409309.198375,11.0759069,TVT,DOGE,2019-05-16,,0.0,,
2019-05-16 21:22:56,TVT/DOGE,SELL,2.706e-05,74272.18821752,2.00980541,TVT,DOGE,2019-05-16,,0.0,,
2019-05-16 21:22:56,TVT/DOGE,SELL,2.706e-05,409309.198375,11.0759069,TVT,DOGE,2019-05-16,,0.0,,
2019-05-16 21:22:50,TVT/DOGE,BUY,2.587e-05,90230.39047182,2.3342602,TVT,DOGE,2019-05-16,,0.0,,
2019-05-16 21:22:32,TVT/DOGE,BUY,2.587e-05,422027.540984,10.91785248,TVT,DOGE,2019-05-16,,0.0,,
2019-05-16 21:22:31,TVT/DOGE,BUY,2.587e-05,422027.540984,10.91785248,TVT,DOGE,2019-05-16,,0.0,,
2019-05-16 21:22:29,TVT/DOGE,BUY,2.587e-05,418652.54754041,10.8305414,TVT,DOGE,2019-05-16,,0.0,,
2019-05-16 21:22:29,TVT/DOGE,BUY,2.587e-05,421698.346334,10.90933621,TVT,DOGE,2019-05-16,,0.0,,
2019-05-16 21:22:19,TVT/DOGE,BUY,2.587e-05,422027.540984,10.91785248,TVT,DOGE,2019-05-16,,0.0,,
2019-05-16 21:22:11,TVT/DOGE,BUY,2.587e-05,422027.540984,10.91785248,TVT,DOGE,2019-05-16,,0.0,,
2019-05-16 21:22:07,TVT/DOGE,BUY,2.587e-05,467723.23154233,12.1,TVT,DOGE,2019-05-16,,0.0,,
2019-05-16 21:22:07,TVT/DOGE,BUY,2.587e-05,422357.25,10.92638205,TVT,DOGE,2019-05-16,,0.0,,
2019-05-16 20:50:50,TVT/DOGE,SELL,2.622e-05,779119.59485781,20.42851577,TVT,DOGE,2019-05-16,,0.0,,
2019-05-16 20:50:26,TVT/DOGE,BUY,2.567e-05,355770.11952481,9.13261896,TVT,DOGE,2019-05-16,,0.0,,
2019-05-16 20:50:23,TVT/DOGE,BUY,2.567e-05,423349.475333,10.86738103,TVT,DOGE,2019-05-16,,0.0,,
2019-05-16 20:46:16,TVT/DOGE,SELL,2.593e-05,283189.19835528,7.34309591,TVT,DOGE,2019-05-16,,0.0,,
2019-05-16 20:46:15,TVT/DOGE,SELL,2.593e-05,488118.16763006,12.65690408,TVT,DOGE,2019-05-16,,0.0,,
2019-05-16 20:45:54,TVT/DOGE,BUY,2.565e-05,348619.89139534,8.94210021,TVT,DOGE,2019-05-16,,0.0,,
2019-05-16 20:45:50,TVT/DOGE,BUY,2.565e-05,422687.47459,10.84193372,TVT,DOGE,2019-05-16,,0.0,,
2019-05-16 20:39:21,TVT/DOGE,SELL,2.616e-05,266035.71492436,6.9594943,TVT,DOGE,2019-05-16,,0.0,,
2019-05-16 20:39:19,TVT/DOGE,SELL,2.616e-05,423223.834989,11.07153552,TVT,DOGE,2019-05-16,,0.0,,
2019-05-16 20:39:16,TVT/DOGE,SELL,2.616e-05,423223.834989,11.07153552,TVT,DOGE,2019-05-16,,0.0,,
2019-05-16 20:39:00,TVT/DOGE,BUY,2.583e-05,88390.41216957,2.28312434,TVT,DOGE,2019-05-16,,0.0,,
2019-05-16 20:38:56,TVT/DOGE,BUY,2.583e-05,266006.12854571,6.8709383,TVT,DOGE,2019-05-16,,0.0,,
2019-05-16 20:38:50,TVT/DOGE,BUY,2.583e-05,419896.916505,10.84593735,TVT,DOGE,2019-05-16,,0.0,,
2019-05-16 20:37:49,TVT/DOGE,SELL,2.622e-05,422578.184592,11.08,TVT,DOGE,2019-05-16,,0.0,,
2019-05-16 20:37:48,TVT/DOGE,SELL,2.622e-05,422578.184592,11.08,TVT,DOGE,2019-05-16,,0.0,,
2019-05-16 20:37:40,TVT/DOGE,SELL,2.622e-05,106475.02831636,2.79177524,TVT,DOGE,2019-05-16,,0.0,,
2019-05-16 20:35:55,TVT/DOGE,SELL,2.637e-05,309181.60711851,8.15311897,TVT,DOGE,2019-05-16,,0.0,,
2019-05-16 20:35:53,TVT/DOGE,SELL,2.637e-05,340500.90781096,8.97900893,TVT,DOGE,2019-05-16,,0.0,,
2019-05-16 20:35:52,TVT/DOGE,SELL,2.637e-05,3753.05845008,0.09896815,TVT,DOGE,2019-05-16,,0.0,,
2019-05-16 20:35:11,TVT/DOGE,BUY,2.572e-05,181316.48799776,4.66346007,TVT,DOGE,2019-05-16,,0.0,,
2019-05-16 20:35:09,TVT/DOGE,BUY,2.572e-05,27263.7948854,0.7012248,TVT,DOGE,2019-05-16,,0.0,,
2019-05-16 20:35:00,TVT/DOGE,BUY,2.572e-05,422687.47459,10.87152184,TVT,DOGE,2019-05-16,,0.0,,
2019-05-16 20:34:59,TVT/DOGE,BUY,2.572e-05,470451.01088647,12.1,TVT,DOGE,2019-05-16,,0.0,,
2019-05-16 20:34:57,TVT/DOGE,BUY,2.572e-05,418519.91424036,10.76433219,TVT,DOGE,2019-05-16,,0.0,,
2019-05-16 20:34:50,TVT/DOGE,BUY,2.572e-05,423018.215962,10.88002851,TVT,DOGE,2019-05-16,,0.0,,
2019-05-16 20:33:17,TVT/DOGE,SELL,2.65e-05,1064952.91499063,28.22125224,TVT,DOGE,2019-05-16,,0.0,,
2019-05-16 20:33:15,TVT/DOGE,SELL,2.65e-05,418113.207547,11.07999999,TVT,DOGE,2019-05-16,,0.0,,
2019-05-16 20:33:09,TVT/DOGE,SELL,2.65e-05,474762.61056972,12.58120918,TVT,DOGE,2019-05-16,,0.0,,
2019-05-16 20:33:07,TVT/DOGE,SELL,2.65e-05,474762.61056972,12.58120918,TVT,DOGE,2019-05-16,,0.0,,
2019-05-16 20:33:07,TVT/DOGE,SELL,2.65e-05,474940.62429696,12.58592654,TVT,DOGE,2019-05-16,,0.0,,
2019-05-16 20:31:59,TVT/DOGE,BUY,2.564e-05,424087.877599,10.87361318,TVT,DOGE,2019-05-16,,0.0,,
2019-05-16 20:31:56,TVT/DOGE,BUY,2.564e-05,272984.12882069,6.99931306,TVT,DOGE,2019-05-16,,0.0,,
2019-05-16 20:31:32,TVT/DOGE,BUY,2.564e-05,425013.584906,10.89734831,TVT,DOGE,2019-05-16,,0.0,,
2019-05-16 20:31:32,TVT/DOGE,BUY,2.564e-05,15405.0517318,0.39498552,TVT,DOGE,2019-05-16,,0.0,,
2019-05-16 20:31:28,TVT/DOGE,BUY,2.564e-05,421753.15342368,10.81375085,TVT,DOGE,2019-05-16,,0.0,,
2019-05-16 20:31:19,TVT/DOGE,BUY,2.564e-05,20318.24197479,0.52095972,TVT,DOGE,2019-05-16,,0.0,,
2019-05-16 20:31:16,TVT/DOGE,BUY,2.564e-05,429696.730996,11.01742418,TVT,DOGE,2019-05-16,,0.0,,
2019-05-16 20:31:11,TVT/DOGE,BUY,2.564e-05,471918.87675507,12.09999999,TVT,DOGE,2019-05-16,,0.0,,
2019-05-16 20:31:11,TVT/DOGE,BUY,2.564e-05,426354.321767,10.93172481,TVT,DOGE,2019-05-16,,0.0,,
2019-05-16 20:30:30,TVT/DOGE,SELL,2.615e-05,476488.82847154,12.46018286,TVT,DOGE,2019-05-16,,0.0,,
2019-05-16 20:28:29,TVT/DOGE,SELL,2.615e-05,423709.369025,11.08,TVT,DOGE,2019-05-16,,0.0,,
2019-05-16 20:28:19,TVT/DOGE,SELL,2.615e-05,422739.412438,11.05463563,TVT,DOGE,2019-05-16,,0.0,,
2019-05-16 20:28:19,TVT/DOGE,SELL,2.615e-05,439572.7121652,11.49482642,TVT,DOGE,2019-05-16,,0.0,,
2019-05-16 20:21:06,TVT/DOGE,SELL,2.613e-05,424033.677765,11.07999999,TVT,DOGE,2019-05-16,,0.0,,
2019-05-16 20:20:16,TVT/DOGE,SELL,2.613e-05,2739.1545938,0.0715741,TVT,DOGE,2019-05-16,,0.0,,
2019-05-16 20:19:34,TVT/DOGE,SELL,2.613e-05,382891.88832486,10.00496504,TVT,DOGE,2019-05-16,,0.0,,
2019-05-16 20:18:26,TVT/DOGE,SELL,2.613e-05,65347.50745144,1.70753036,TVT,DOGE,2019-05-16,,0.0,,
2019-05-16 20:17:43,TVT/DOGE,SELL,2.613e-05,362477.44976516,9.47153576,TVT,DOGE,2019-05-16,,0.0,,
2019-05-16 20:16:46,TVT/DOGE,SELL,2.614e-05,868872.11075385,22.71231697,TVT,DOGE,2019-05-16,,0.0,,
2019-05-16 20:16:39,TVT/DOGE,SELL,2.614e-05,381449.55623281,9.97109139,TVT,DOGE,2019-05-16,,0.0,,
2019-05-16 19:59:12,TVT/DOGE,SELL,2.672e-05,355111.94821587,9.48859125,TVT,DOGE,2019-05-16,,0.0,,
2019-05-16 19:43:58,TVT/DOGE,SELL,2.653e-05,417847.567982,11.08549597,TVT,DOGE,2019-05-16,,0.0,,
2019-05-16 19:41:44,TVT/DOGE,BUY,2.616e-05,417847.567982,10.93089237,TVT,DOGE,2019-05-16,,0.0,,
2019-05-16 17:29:57,BTC/USD,BUY,7945.1,0.00285106,22.6519568,BTC,USD,2019-05-16,7873.9,0.0,3.0,0.9042532925234159
2019-05-16 17:07:41,TVT/DOGE,BUY,2.717e-05,392428.39888961,10.66227959,TVT,DOGE,2019-05-16,,0.0,,
2019-05-16 17:07:35,TVT/DOGE,BUY,2.717e-05,445344.12955466,12.1,TVT,DOGE,2019-05-16,,0.0,,
2019-05-16 17:07:29,TVT/DOGE,BUY,2.717e-05,402434.526005,10.93414607,TVT,DOGE,2019-05-16,,0.0,,
2019-05-16 17:07:26,TVT/DOGE,BUY,2.717e-05,401545.822598,10.90999999,TVT,DOGE,2019-05-16,,0.0,,
2019-05-16 17:07:13,TVT/DOGE,SELL,2.747e-05,403349.108118,11.08,TVT,DOGE,2019-05-16,,0.0,,
2019-05-16 17:07:02,TVT/DOGE,SELL,2.747e-05,403055.656602,11.07193888,TVT,DOGE,2019-05-16,,0.0,,
2019-05-16 17:07:00,TVT/DOGE,SELL,2.747e-05,403055.656602,11.07193888,TVT,DOGE,2019-05-16,,0.0,,
2019-05-16 17:06:02,TVT/DOGE,BUY,2.717e-05,105290.6548933,2.86074709,TVT,DOGE,2019-05-16,,0.0,,
2019-05-16 17:05:58,TVT/DOGE,BUY,2.717e-05,399126.821705,10.84427574,TVT,DOGE,2019-05-16,,0.0,,
2019-05-16 17:05:56,TVT/DOGE,BUY,2.717e-05,399126.821705,10.84427574,TVT,DOGE,2019-05-16,,0.0,,
2019-05-16 17:05:55,TVT/DOGE,BUY,2.717e-05,399126.821705,10.84427574,TVT,DOGE,2019-05-16,,0.0,,
2019-05-16 16:44:48,EDRC/USD,SELL,0.1899,119.76241353,22.74288232,EDRC,USD,2019-05-16,,0.0,,
2019-05-16 16:44:30,TVT/DOGE,SELL,2.776e-05,85258.85150443,2.36678571,TVT,DOGE,2019-05-16,,0.0,,
2019-05-16 16:44:27,TVT/DOGE,SELL,2.776e-05,399135.446686,11.08,TVT,DOGE,2019-05-16,,0.0,,
2019-05-16 16:44:27,TVT/DOGE,SELL,2.776e-05,284493.4427607,7.89753797,TVT,DOGE,2019-05-16,,0.0,,
2019-05-16 16:44:25,TVT/DOGE,SELL,2.776e-05,399135.446686,11.08,TVT,DOGE,2019-05-16,,0.0,,
2019-05-16 16:44:24,TVT/DOGE,SELL,2.776e-05,399135.446686,11.08,TVT,DOGE,2019-05-16,,0.0,,
2019-05-16 16:44:22,TVT/DOGE,SELL,2.776e-05,399135.446686,11.08,TVT,DOGE,2019-05-16,,0.0,,
2019-05-16 16:44:20,TVT/DOGE,SELL,2.776e-05,399135.446686,11.08,TVT,DOGE,2019-05-16,,0.0,,
2019-05-16 16:44:18,TVT/DOGE,SELL,2.776e-05,399135.446686,11.08,TVT,DOGE,2019-05-16,,0.0,,
2019-05-16 16:44:16,TVT/DOGE,SELL,2.776e-05,105905.06508783,2.9399246,TVT,DOGE,2019-05-16,,0.0,,
2019-05-16 16:16:38,EDRC/BTC,BUY,2.012e-05,119.76241353,0.00240961,EDRC,BTC,2019-05-16,,0.0,,
2019-05-16 16:05:50,TVT/DOGE,SELL,2.729e-05,66187.68969544,1.80626205,TVT,DOGE,2019-05-16,,0.0,,
2019-05-16 16:05:42,TVT/DOGE,SELL,2.729e-05,406009.527299,11.07999999,TVT,DOGE,2019-05-16,,0.0,,
2019-05-16 16:05:37,TVT/DOGE,SELL,2.729e-05,406009.527299,11.07999999,TVT,DOGE,2019-05-16,,0.0,,
2019-05-16 16:05:23,TVT/DOGE,SELL,2.729e-05,16320.31962943,0.44538152,TVT,DOGE,2019-05-16,,0.0,,
2019-05-16 16:03:21,TVT/DOGE,BUY,2.712e-05,357918.50600165,9.70674988,TVT,DOGE,2019-05-16,,0.0,,
2019-05-16 16:03:18,TVT/DOGE,BUY,2.712e-05,195178.83913109,5.29325011,TVT,DOGE,2019-05-16,,0.0,,
2019-05-16 15:56:59,TVT/DOGE,SELL,2.733e-05,346449.44730326,9.46846339,TVT,DOGE,2019-05-16,,0.0,,
2019-05-16 15:56:56,TVT/DOGE,SELL,2.733e-05,405415.294548,11.07999999,TVT,DOGE,2019-05-16,,0.0,,
2019-05-16 15:55:10,TVT/DOGE,BUY,2.713e-05,290238.52176383,7.87417109,TVT,DOGE,2019-05-16,,0.0,,
2019-05-16 15:55:08,TVT/DOGE,BUY,2.713e-05,399274.209749,10.83230931,TVT,DOGE,2019-05-16,,0.0,,
2019-05-16 15:55:07,TVT/DOGE,BUY,2.713e-05,400752.54553056,10.87241656,TVT,DOGE,2019-05-16,,0.0,,
2019-05-16 15:55:01,TVT/DOGE,BUY,2.713e-05,3029.183598,0.08218175,TVT,DOGE,2019-05-16,,0.0,,
2019-05-16 15:53:45,TVT/DOGE,SELL,2.743e-05,197750.72102475,5.42430227,TVT,DOGE,2019-05-16,,0.0,,
2019-05-16 15:53:32,TVT/DOGE,SELL,2.743e-05,155515.25513255,4.26578344,TVT,DOGE,2019-05-16,,0.0,,
2019-05-16 15:51:49,TVT/DOGE,SELL,2.743e-05,345903.46435676,9.48813202,TVT,DOGE,2019-05-16,,0.0,,
2019-05-16 15:51:30,TVT/DOGE,SELL,2.743e-05,3937.294933,0.108,TVT,DOGE,2019-05-16,,0.0,,
2019-05-16 15:51:25,TVT/DOGE,SELL,2.743e-05,403495.994173,11.06789512,TVT,DOGE,2019-05-16,,0.0,,
2019-05-16 15:51:05,TVT/DOGE,BUY,2.711e-05,84505.59929878,2.29094679,TVT,DOGE,2019-05-16,,0.0,,
2019-05-16 15:50:47,TVT/DOGE,BUY,2.711e-05,214845.92795328,5.8244731,TVT,DOGE,2019-05-16,,0.0,,
2019-05-16 15:50:37,TVT/DOGE,BUY,2.711e-05,403625.601184,10.94229004,TVT,DOGE,2019-05-16,,0.0,,
2019-05-16 15:50:34,TVT/DOGE,BUY,2.711e-05,403625.601184,10.94229004,TVT,DOGE,2019-05-16,,0.0,,
2019-05-16 14:55:38,TVT/DOGE,BUY,2.72e-05,28302.79575437,0.76983604,TVT,DOGE,2019-05-16,,0.0,,
2019-05-16 14:55:27,TVT/DOGE,BUY,2.72e-05,398979.542435,10.85224355,TVT,DOGE,2019-05-16,,0.0,,
2019-05-16 14:55:24,TVT/DOGE,BUY,2.72e-05,399274.209749,10.8602585,TVT,DOGE,2019-05-16,,0.0,,
2019-05-16 14:55:24,TVT/DOGE,BUY,2.72e-05,402880.354505,10.95834564,TVT,DOGE,2019-05-16,,0.0,,
2019-05-16 14:55:22,TVT/DOGE,BUY,2.72e-05,399187.592319,10.85790251,TVT,DOGE,2019-05-16,,0.0,,
2019-05-16 14:55:20,TVT/DOGE,BUY,2.72e-05,399187.592319,10.85790251,TVT,DOGE,2019-05-16,,0.0,,
2019-05-16 14:55:16,TVT/DOGE,BUY,2.72e-05,399187.592319,10.85790251,TVT,DOGE,2019-05-16,,0.0,,
2019-05-16 14:55:15,TVT/DOGE,BUY,2.72e-05,443470.36006859,12.06239379,TVT,DOGE,2019-05-16,,0.0,,
2019-05-16 14:47:53,TVT/DOGE,BUY,2.787e-05,267388.76261717,7.45212481,TVT,DOGE,2019-05-16,,0.0,,
2019-05-16 14:47:52,TVT/DOGE,BUY,2.787e-05,394005.055977,10.98092091,TVT,DOGE,2019-05-16,,0.0,,
2019-05-16 14:47:49,TVT/DOGE,BUY,2.787e-05,394005.055977,10.98092091,TVT,DOGE,2019-05-16,,0.0,,
2019-05-16 14:47:47,TVT/DOGE,BUY,2.787e-05,394005.055977,10.98092091,TVT,DOGE,2019-05-16,,0.0,,
2019-05-16 14:47:43,TVT/DOGE,BUY,2.787e-05,390393.643915,10.88027085,TVT,DOGE,2019-05-16,,0.0,,
2019-05-16 14:47:39,TVT/DOGE,BUY,2.787e-05,388011.486001,10.81388011,TVT,DOGE,2019-05-16,,0.0,,
2019-05-16 14:47:36,TVT/DOGE,BUY,2.787e-05,388095.678392,10.81622655,TVT,DOGE,2019-05-16,,0.0,,
2019-05-16 14:47:33,TVT/DOGE,BUY,2.787e-05,254565.30061279,7.09473492,TVT,DOGE,2019-05-16,,0.0,,
2019-05-16 14:40:43,TVT/DOGE,SELL,2.781e-05,1822157.43440233,50.67419825,TVT,DOGE,2019-05-16,,0.0,,
2019-05-16 14:39:05,TVT/DOGE,BUY,2.744e-05,425853.76111602,11.6854272,TVT,DOGE,2019-05-16,,0.0,,
2019-05-16 14:39:04,TVT/DOGE,BUY,2.744e-05,395102.339181,10.84160818,TVT,DOGE,2019-05-16,,0.0,,
2019-05-16 14:38:59,TVT/DOGE,BUY,2.744e-05,395477.161668,10.85189331,TVT,DOGE,2019-05-16,,0.0,,
2019-05-16 14:38:59,TVT/DOGE,BUY,2.744e-05,395332.563071,10.84792553,TVT,DOGE,2019-05-16,,0.0,,
2019-05-16 14:38:58,TVT/DOGE,BUY,2.744e-05,210391.60936631,5.77314576,TVT,DOGE,2019-05-16,,0.0,,
2019-05-16 14:38:18,TVT/DOGE,SELL,2.784e-05,58949.33862143,1.64114958,TVT,DOGE,2019-05-16,,0.0,,
2019-05-16 14:38:12,TVT/DOGE,SELL,2.784e-05,340505.36640231,9.4796694,TVT,DOGE,2019-05-16,,0.0,,
2019-05-16 14:38:09,TVT/DOGE,SELL,2.784e-05,397988.505747,11.07999999,TVT,DOGE,2019-05-16,,0.0,,
2019-05-16 14:38:03,TVT/DOGE,SELL,2.784e-05,296249.82605025,8.24759515,TVT,DOGE,2019-05-16,,0.0,,
2019-05-16 14:37:40,TVT/DOGE,BUY,2.743e-05,304128.9164445,8.34225617,TVT,DOGE,2019-05-16,,0.0,,
2019-05-16 14:37:39,TVT/DOGE,BUY,2.743e-05,395621.866081,10.85190778,TVT,DOGE,2019-05-16,,0.0,,
2019-05-16 14:37:37,TVT/DOGE,BUY,2.743e-05,393942.25429549,10.80583603,TVT,DOGE,2019-05-16,,0.0,,
2019-05-16 14:37:01,TVT/DOGE,SELL,2.788e-05,185199.80696623,5.16337061,TVT,DOGE,2019-05-16,,0.0,,
2019-05-16 14:37:00,TVT/DOGE,SELL,2.788e-05,454165.16493367,12.66212479,TVT,DOGE,2019-05-16,,0.0,,
2019-05-16 14:36:59,TVT/DOGE,SELL,2.788e-05,454328.06492109,12.66666644,TVT,DOGE,2019-05-16,,0.0,,
2019-05-16 14:36:27,TVT/DOGE,BUY,2.743e-05,397884.755653,10.91397884,TVT,DOGE,2019-05-16,,0.0,,
2019-05-16 14:36:27,TVT/DOGE,BUY,2.743e-05,297923.52551499,8.1720423,TVT,DOGE,2019-05-16,,0.0,,
2019-05-16 14:36:24,TVT/DOGE,BUY,2.743e-05,397884.755653,10.91397884,TVT,DOGE,2019-05-16,,0.0,,
2019-05-16 14:34:43,TVT/DOGE,SELL,2.788e-05,239448.409501,6.67582165,TVT,DOGE,2019-05-16,,0.0,,
2019-05-16 14:34:41,TVT/DOGE,SELL,2.788e-05,397132.616487,11.07205734,TVT,DOGE,2019-05-16,,0.0,,
2019-05-16 14:34:41,TVT/DOGE,SELL,2.788e-05,454328.06492109,12.66666644,TVT,DOGE,2019-05-16,,0.0,,
2019-05-16 14:33:20,TVT/DOGE,BUY,2.75e-05,352844.67386466,9.70322853,TVT,DOGE,2019-05-16,,0.0,,
2019-05-16 14:33:20,TVT/DOGE,BUY,2.75e-05,352252.95436119,9.68695624,TVT,DOGE,2019-05-16,,0.0,,
2019-05-16 14:33:16,TVT/DOGE,BUY,2.75e-05,385811.46268324,10.60981522,TVT,DOGE,2019-05-16,,0.0,,
2019-05-16 10:31:11,TVT/DOGE,SELL,2.846e-05,288554.22137345,8.21225314,TVT,DOGE,2019-05-16,,0.0,,
2019-05-16 10:28:13,TVT/DOGE,SELL,2.846e-05,388771.929825,11.06444912,TVT,DOGE,2019-05-16,,0.0,,
2019-05-16 10:28:05,TVT/DOGE,SELL,2.846e-05,388771.929825,11.06444912,TVT,DOGE,2019-05-16,,0.0,,
2019-05-16 10:27:53,TVT/DOGE,BUY,2.82e-05,1066098.08102345,30.06396588,TVT,DOGE,2019-05-16,,0.0,,
2019-05-16 10:27:49,TVT/DOGE,SELL,2.847e-05,287734.89170145,8.19181236,TVT,DOGE,2019-05-16,,0.0,,
2019-05-16 10:27:26,TVT/DOGE,SELL,2.847e-05,389181.594661,11.07999999,TVT,DOGE,2019-05-16,,0.0,,
2019-05-16 10:27:18,TVT/DOGE,SELL,2.847e-05,389181.594661,11.07999999,TVT,DOGE,2019-05-16,,0.0,,
2019-05-16 10:22:22,TVT/DOGE,BUY,2.823e-05,185799.80858031,5.24512859,TVT,DOGE,2019-05-16,,0.0,,
2019-05-16 10:22:20,TVT/DOGE,BUY,2.823e-05,383688.630234,10.83153003,TVT,DOGE,2019-05-16,,0.0,,
2019-05-16 10:22:08,TVT/DOGE,BUY,2.823e-05,383824.834931,10.83537509,TVT,DOGE,2019-05-16,,0.0,,
2019-05-16 10:22:06,TVT/DOGE,BUY,2.823e-05,112784.80727814,3.1839151,TVT,DOGE,2019-05-16,,0.0,,
2019-05-16 10:13:10,TVT/DOGE,SELL,2.895e-05,710984.71382865,20.58300746,TVT,DOGE,2019-05-16,,0.0,,
2019-05-16 10:11:41,TVT/DOGE,BUY,2.814e-05,181671.53766364,5.11223706,TVT,DOGE,2019-05-16,,0.0,,
2019-05-16 10:11:40,TVT/DOGE,BUY,2.814e-05,386431.222302,10.87417459,TVT,DOGE,2019-05-16,,0.0,,
2019-05-16 10:11:39,TVT/DOGE,BUY,2.814e-05,5913.55110163,0.16640732,TVT,DOGE,2019-05-16,,0.0,,
2019-05-16 10:11:37,TVT/DOGE,BUY,2.814e-05,19154.87600078,0.53901821,TVT,DOGE,2019-05-16,,0.0,,
2019-05-16 10:11:34,TVT/DOGE,BUY,2.814e-05,117813.5267606,3.31527264,TVT,DOGE,2019-05-16,,0.0,,
2019-05-16 10:11:32,TVT/DOGE,SELL,2.895e-05,333281.85635952,9.64850974,TVT,DOGE,2019-05-16,,0.0,,
2019-05-16 10:11:31,TVT/DOGE,SELL,2.895e-05,377702.85746913,10.93449772,TVT,DOGE,2019-05-16,,0.0,,
2019-05-16 10:10:54,TVT/DOGE,BUY,2.814e-05,11476.18851697,0.32293994,TVT,DOGE,2019-05-16,,0.0,,
2019-05-16 10:10:44,TVT/DOGE,BUY,2.814e-05,386293.161844,10.87028957,TVT,DOGE,2019-05-16,,0.0,,
2019-05-16 10:10:34,TVT/DOGE,BUY,2.814e-05,313215.36346768,8.81388032,TVT,DOGE,2019-05-16,,0.0,,
2019-05-16 10:08:45,TVT/DOGE,SELL,2.892e-05,697107.0059254,20.16033461,TVT,DOGE,2019-05-16,,0.0,,
2019-05-16 10:02:49,TVT/DOGE,BUY,2.867e-05,43092.90977334,1.23547372,TVT,DOGE,2019-05-16,,0.0,,
2019-05-16 10:02:46,TVT/DOGE,BUY,2.867e-05,378054.041958,10.83880938,TVT,DOGE,2019-05-16,,0.0,,
2019-05-16 10:02:44,TVT/DOGE,BUY,2.867e-05,275960.05419406,7.91177475,TVT,DOGE,2019-05-16,,0.0,,
2019-05-16 01:54:13,TVT/DOGE,SELL,2.898e-05,292441.98687859,8.47496877,TVT,DOGE,2019-05-16,,0.0,,
2019-05-16 01:54:08,TVT/DOGE,SELL,2.898e-05,382332.643202,11.07999999,TVT,DOGE,2019-05-16,,0.0,,
2019-05-16 01:54:06,TVT/DOGE,SELL,2.898e-05,382332.643202,11.07999999,TVT,DOGE,2019-05-16,,0.0,,
2019-05-16 01:54:03,TVT/DOGE,SELL,2.898e-05,349440.3729092,10.126782,TVT,DOGE,2019-05-16,,0.0,,
2019-05-16 01:52:57,TVT/DOGE,SELL,2.898e-05,382332.643202,11.07999999,TVT,DOGE,2019-05-16,,0.0,,
2019-05-16 01:52:55,TVT/DOGE,SELL,2.898e-05,4325.77034977,0.12536082,TVT,DOGE,2019-05-16,,0.0,,
2019-05-16 01:52:40,TVT/DOGE,SELL,2.898e-05,4062.09266477,0.11771944,TVT,DOGE,2019-05-16,,0.0,,
2019-05-16 01:51:54,TVT/DOGE,BUY,2.782e-05,180795.58700351,5.02973323,TVT,DOGE,2019-05-16,,0.0,,
2019-05-16 01:51:51,TVT/DOGE,BUY,2.782e-05,393748.929352,10.95409521,TVT,DOGE,2019-05-16,,0.0,,
2019-05-16 01:51:50,TVT/DOGE,BUY,2.782e-05,434938.89288282,12.1,TVT,DOGE,2019-05-16,,0.0,,
2019-05-16 01:51:47,TVT/DOGE,BUY,2.782e-05,393892.371585,10.95808577,TVT,DOGE,2019-05-16,,0.0,,
2019-05-16 01:51:44,TVT/DOGE,BUY,2.782e-05,393892.371585,10.95808577,TVT,DOGE,2019-05-16,,0.0,,
2019-05-16 01:50:09,TVT/DOGE,SELL,2.917e-05,126251.08443211,3.68274413,TVT,DOGE,2019-05-16,,0.0,,
2019-05-16 01:48:53,TVT/DOGE,SELL,2.917e-05,378286.104473,11.03460566,TVT,DOGE,2019-05-16,,0.0,,
2019-05-16 01:48:53,TVT/DOGE,SELL,2.917e-05,433938.55601233,12.65798767,TVT,DOGE,2019-05-16,,0.0,,
2019-05-16 01:48:36,TVT/DOGE,BUY,2.78e-05,284789.89805891,7.91715916,TVT,DOGE,2019-05-16,,0.0,,
2019-05-16 01:48:32,TVT/DOGE,BUY,2.78e-05,393176.203636,10.93029846,TVT,DOGE,2019-05-16,,0.0,,
2019-05-16 01:45:28,TVT/DOGE,SELL,2.957e-05,374704.091985,11.07999999,TVT,DOGE,2019-05-16,,0.0,,
2019-05-16 01:45:23,TVT/DOGE,SELL,2.957e-05,373189.626137,11.03521724,TVT,DOGE,2019-05-16,,0.0,,
2019-05-16 01:44:51,TVT/DOGE,BUY,2.779e-05,226274.00054717,6.28815447,TVT,DOGE,2019-05-16,,0.0,,
2019-05-16 01:44:47,TVT/DOGE,BUY,2.779e-05,393748.929352,10.94228274,TVT,DOGE,2019-05-16,,0.0,,
2019-05-16 01:44:44,TVT/DOGE,BUY,2.779e-05,388380.43144536,10.79309218,TVT,DOGE,2019-05-16,,0.0,,
2019-05-16 01:41:43,TVT/DOGE,SELL,2.778e-05,950553.72695846,26.40638253,TVT,DOGE,2019-05-16,,0.0,,
2019-05-16 01:39:01,TVT/DOGE,SELL,2.98e-05,371562.709591,11.07256874,TVT,DOGE,2019-05-16,,0.0,,
2019-05-16 01:38:34,TVT/DOGE,BUY,2.833e-05,245959.46815304,6.96803173,TVT,DOGE,2019-05-16,,0.0,,
2019-05-16 01:38:31,TVT/DOGE,BUY,2.833e-05,427109.07165549,12.1,TVT,DOGE,2019-05-16,,0.0,,
2019-05-16 01:38:29,TVT/DOGE,BUY,2.833e-05,385879.571734,10.93196826,TVT,DOGE,2019-05-16,,0.0,,
2019-05-16 01:33:34,TVT/DOGE,SELL,2.998e-05,369579.719813,11.07999999,TVT,DOGE,2019-05-16,,0.0,,
2019-05-16 01:33:08,TVT/DOGE,SELL,2.998e-05,337964.42801253,10.13217355,TVT,DOGE,2019-05-16,,0.0,,
2019-05-16 01:33:03,TVT/DOGE,SELL,2.998e-05,422363.00266756,12.66244281,TVT,DOGE,2019-05-16,,0.0,,
2019-05-16 01:33:01,TVT/DOGE,SELL,2.998e-05,422363.00266756,12.66244281,TVT,DOGE,2019-05-16,,0.0,,
2019-05-16 01:32:59,TVT/DOGE,SELL,2.998e-05,422363.00266756,12.66244281,TVT,DOGE,2019-05-16,,0.0,,
2019-05-16 01:29:40,TVT/DOGE,SELL,3.025e-05,292139.70230932,8.83722599,TVT,DOGE,2019-05-16,,0.0,,
2019-05-16 01:26:08,TVT/DOGE,SELL,3.057e-05,340681.32196754,10.41462801,TVT,DOGE,2019-05-16,,0.0,,
2019-05-16 01:25:44,TVT/DOGE,SELL,3.057e-05,362446.84331,11.07999999,TVT,DOGE,2019-05-16,,0.0,,
2019-05-16 01:25:32,TVT/DOGE,SELL,3.057e-05,414078.66786532,12.65838487,TVT,DOGE,2019-05-16,,0.0,,
2019-05-16 01:22:23,TVT/DOGE,BUY,2.866e-05,76765.8986994,2.20011065,TVT,DOGE,2019-05-16,,0.0,,
2019-05-16 01:22:11,TVT/DOGE,BUY,2.866e-05,202543.00153942,5.80488242,TVT,DOGE,2019-05-16,,0.0,,
2019-05-16 01:21:43,TVT/DOGE,BUY,2.866e-05,383552.522171,10.99261528,TVT,DOGE,2019-05-16,,0.0,,
2019-05-16 01:21:40,TVT/DOGE,BUY,2.866e-05,148.51822364,0.00425653,TVT,DOGE,2019-05-16,,0.0,,
2019-05-16 01:21:37,TVT/DOGE,BUY,2.866e-05,383824.834931,11.00041976,TVT,DOGE,2019-05-16,,0.0,,
2019-05-16 01:21:34,TVT/DOGE,BUY,2.866e-05,383824.834931,11.00041976,TVT,DOGE,2019-05-16,,0.0,,
2019-05-16 01:21:32,TVT/DOGE,BUY,2.866e-05,383824.834931,11.00041976,TVT,DOGE,2019-05-16,,0.0,,
2019-05-16 01:21:29,TVT/DOGE,BUY,2.866e-05,380241.13273777,10.89771086,TVT,DOGE,2019-05-16,,0.0,,
2019-05-16 01:21:15,TVT/DOGE,BUY,2.866e-05,383824.834931,11.00041976,TVT,DOGE,2019-05-16,,0.0,,
2019-05-16 01:21:13,TVT/DOGE,BUY,2.866e-05,383824.834931,11.00041976,TVT,DOGE,2019-05-16,,0.0,,
2019-05-16 01:21:09,TVT/DOGE,BUY,2.866e-05,247897.62516799,7.10474593,TVT,DOGE,2019-05-16,,0.0,,
2019-05-16 01:14:50,TVT/DOGE,SELL,3.033e-05,417628.30365974,12.66666644,TVT,DOGE,2019-05-16,,0.0,,
2019-05-16 01:14:47,TVT/DOGE,SELL,3.033e-05,417628.30365974,12.66666644,TVT,DOGE,2019-05-16,,0.0,,
2019-05-16 01:14:43,TVT/DOGE,SELL,3.033e-05,417628.30365974,12.66666644,TVT,DOGE,2019-05-16,,0.0,,
2019-05-16 01:14:26,TVT/DOGE,BUY,2.959e-05,113969.82033028,3.37236698,TVT,DOGE,2019-05-16,,0.0,,
2019-05-16 01:14:07,TVT/DOGE,BUY,2.959e-05,365900.020305,10.8269816,TVT,DOGE,2019-05-16,,0.0,,
2019-05-16 01:14:04,TVT/DOGE,BUY,2.959e-05,408921.9330855,12.09999999,TVT,DOGE,2019-05-16,,0.0,,
2019-05-16 01:14:00,TVT/DOGE,BUY,2.959e-05,381253.370945,11.28128724,TVT,DOGE,2019-05-16,,0.0,,
2019-05-16 01:13:57,TVT/DOGE,BUY,2.959e-05,381253.370945,11.28128724,TVT,DOGE,2019-05-16,,0.0,,
2019-05-16 01:13:54,TVT/DOGE,BUY,2.86e-05,38461.53846154,1.1,TVT,DOGE,2019-05-16,,0.0,,
2019-05-16 01:11:07,TVT/DOGE,SELL,2.987e-05,392381.94576325,11.72044871,TVT,DOGE,2019-05-16,,0.0,,
